3198 5222
1144 539 1206 602 15⁷

154 719 339 783 qusccan,
372 720 394 774 i.
418 734 439 776 e.
467 733 566 791 campo
597 732 654 772 nou
711 711 791 786 bloi,
813 719 836 774 i.
859 735 879 774 e.
902 732 981 775 coxa.

195 817 301 872 clauso.
709 814 805 884 Ticis,
827 817 847 872 i.
869 832 891 874 e.
912 815 1007 870 subtus
1028 817 1205 887 genuculum.

157 910 325 984 omissos,
355 916 376 972 i.
398 931 419 972 e.
442 909 654 970 contabularlos.
708 913 900 982 ltlunsowonn,
922 917 944 971 i.
963 931 985 971 c.
1002 913 1050 986 qui
1065 915 1208 971 homiuem

156 1011 324 1069 Evlmosnc
366 1008 431 1085 (lcpc
468 1006 654 1083 wodestoc),
749 1010 867 1068 liberum
888 1010 922 1067 de
940 1012 1045 1068 cavallo
1061 1011 1090 1068 iu
1108 1019 1207 1070 terram

193 1113 215 1167 t.
239 1127 262 1166 e.
287 1110 403 1172 advena.
745 1109 895 1181 jactaverit.

156 1209 250 1272 llonr,
275 1210 293 1266 t.
317 1225 337 1266 c.
360 1207 549 1264 homicidium.
709 1206 857 1277 Samium,
879 1209 898 1264 t.
922 1223 943 1264 e.
965 1207 1072 1264 salices.

157 1283 319 1362 Evncwonr'
331 1295 585 1380 (lepc'Wncwonr),
603 1307 653 1361 te.
709 1306 903 1362 Ususrnucrns
923 1311 1035 1361 vocatur
1060 1304 1126 1378 quia
1147 1308 1207 1363 solo

195 1403 337 1462 orbitario.
366 1404 413 1475 qui
434 1402 542 1460 mulieri
563 1403 605 1458 via
626 1418 655 1458 sc
748 1420 800 1459 usu
820 1403 937 1460 babetur
950 1403 1015 1475 *ejus
1036 1403 1147 1462 fructus.

194 1501 395 1574 anteposuerit.
710 1499 835 1570 Sumus,
858 1501 986 1557 vicesima
1007 1516 1071 1572 pars
1086 1501 1175 1560 solidi.

157 1602 269 1670 Cusini,
291 1602 311 1657 i.
333 1617 357 1656 a.
379 1598 470 1656 casile.
709 1600 842 1656 Anvnnsa
862 1615 959 1668 rann,
981 1601 1003 1656 i.
1025 1616 1049 1658 e.
1069 1599 1207 1656 contrarie

155 1701 305 1761 Aaronem,
328 1699 347 1754 i.
370 1713 391 1754 c.
414 1713 477 1753 cum
494 1693 609 1768 justitia.
750 1697 830 1770 parti.

156 1798 303 1861 Monronn,
326 1797 347 1860 i,
369 1811 391 1852 e.
411 1793 555 1851 brachium
575 1809 657 1867 super
709 1793 826 1860 donar,
849 1797 869 1853 i.
890 1813 913 1850 a.
936 1793 1076 1866 adiungat

196 1894 329 1951 cubitum.

157 1993 248 2050 Enruo
270 1989 335 2066 (lcpc
353 1989 470 2065 Tuane),
492 1993 511 2049 i.
523 1981 549 2050 e.
562 1991 657 2047 subtus

196 2090 330 2147 cubitum:

710 1949 746 2002 (ln
760 1949 803 1994 bac
815 1958 872 1992 voce
887 1946 1096 2004 edjuwmdeslnit
1109 1947 1208 1992 mutllus

835 2027 909 2072 codex
922 2027 1085 2081 Matritensis).

580 2237 789 2248 -a———n

657 2326 702 2390 ul.

397 2450 472 2560 lle
507 2449 628 2558 liliis
665 2449 975 2558 clericorum

581 2623 788 2709 bonsdtntio

261 2771 318 2836 sub
341 2789 539 2833 romanorum
561 2770 781 2853 imperatorum
804 2769 930 2832 nominc
953 2768 1094 2851 conficta,

352 2908 366 2947 c
384 2895 444 2946 tollo
464 2898 608 2960 praeposito
627 2895 710 2947 codlcl
728 2893 883 2946 vercellensi
900 2894 1018 2947 LXXVI.

161 3127 201 3190 llll
223 3125 445 3202 pitatiolum,
468 3123 815 3202 concordatissimis
837 3122 1056 3187 lllseollltlld
1078 3123 1206 3188 subtil.

371 3253 564 3308 [mancionis
579 3251 768 3319 Turonosrns,
791 3266 827 3306 nr
839 3249 996 3319 Honorius,

318 3367 354 3407 na
375 3352 530 3419 Ascensus,
552 3367 588 3408 nr
609 3347 779 3416 (inscissus,
802 3365 839 3405 rr
859 3348 1046 3420 Vacunrsnus,

467 3465 502 3505 un
523 3448 748 3506 Vscuunrnmuus
767 3446 916 3506 drausnos

365 3564 401 3605 sn
422 3548 572 3607 suornm
591 3562 772 3604 nnmrncrurr
793 3546 879 3604 Unnrs
899 3546 1007 3604 Romen.

510 3645 543 3700 ln
563 3644 681 3718 septimo
702 3645 774 3701 libro
796 3642 867 3717 Geji.

242 3761 296 3817 Per
306 3776 402 3817 omues
415 3767 573 3817 nostrorum
583 3777 732 3832 regnorum
750 3759 917 3833 provincias,
939 3775 1012 3832 quae
1032 3757 1082 3814 snb
1099 3761 1210 3814 nostrae

162 3858 301 3915 salutifere
313 3858 436 3914 tuitionis
455 3858 589 3928 regimine
611 3859 667 3914 sive
687 3858 790 3914 salubri
800 3857 918 3931 imperio
938 3857 1029 3913 vivere
1049 3861 1210 3925 noscuntur,

163 3973 281 4029 quarum
302 3955 413 4027 negotia
442 3956 543 4013 nostris
572 3955 744 4029 praesulibus
765 3971 854 4027 aequo
879 3955 941 4026 jure
962 3953 1118 4011 dirimenda
1138 3969 1215 4012 com·

163 4053 307 4124 misimus,
338 4053 409 4110 banc
430 4054 469 4110 eis
490 4070 568 4110 sumo
599 4061 627 4110 et
646 4044 771 4124 vigilanti
801 4052 892 4108 studio
916 4052 1047 4126 providae
1074 4051 1213 4110 sollertiae

163 4151 348 4224 praecipimus
369 4151 500 4208 adhibere
521 4151 696 4221 iudustriam,
720 4157 856 4224 quatenus
877 4156 985 4207 utnon
1006 4150 1132 4206 sinantur
1151 4149 1210 4206 dia·

164 4265 311 4318 concrum,
335 4248 550 4320 presbiterorum
567 4255 594 4306 et
611 4248 805 4321 episcoporum
821 4247 942 4319 suboles,
966 4248 1013 4320 qui
1034 4254 1097 4321 post
1117 4263 1214 4304 eorum

165 4346 404 4404 consecrationem
424 4347 459 4402 de
481 4363 578 4403 eorum
599 4345 703 4402 nelarie
730 4352 758 4402 et
777 4347 913 4402 scelerosa
934 4345 1132 4403 commixtione
1157 4344 1214 4400 neti

165 4444 336 4518 probantur,
364 4446 400 4502 ad
420 4444 502 4501 ullius
522 4444 664 4517 dignitatis
685 4444 793 4518 apicem
814 4446 972 4505 ascendere.
1012 4443 1069 4502 Sed
1089 4443 1214 4500 omnium

167 4547 326 4599 nostrorum
342 4542 499 4615 praesulum
518 4540 572 4616 ipsi
590 4540 682 4601 cuncti
701 4540 827 4600 dominio
842 4547 870 4599 et
888 4541 1026 4615 potestati,
1047 4539 1215 4615 ubicumque
