3172 5228
394 543 436 608 88
790 562 944 610 nomenis
967 563 1057 612 mers

393 711 642 782 tannebrunne,
673 709 707 768 sit
727 711 877 784 culparetis
906 711 935 768 in
962 713 1065 787 palatio
1095 713 1168 785 regis
1195 713 1299 772 solidos
1327 729 1383 770 xri:
1406 719 1446 783 et,

390 810 494 884 justitia
518 811 598 878 iacta,
614 809 720 880 pignus
741 809 910 868 restituatur.

476 909 562 967 m.
603 905 677 964 Nulli
699 906 779 965 iaciat
799 923 850 979 pro
872 907 993 980 qualevit
1013 907 1136 966 devitum
1163 923 1225 964 oasa
1247 907 1373 968 ordinata
1400 907 1449 964 tri-

394 1005 502 1067 butaria
522 1006 616 1062 losum
635 1004 759 1078 pigneris
780 1005 895 1075 toliere,
919 1005 973 1064 nisi
994 1023 1098 1075 sersus,
1122 1006 1247 1076 ancillas,
1271 1023 1375 1075 vacuas,
1399 1022 1449 1078 pe-

395 1119 488 1168 eoras3
511 1103 548 1159 ita
569 1108 600 1159 ut
620 1103 711 1176 ipsum
729 1101 830 1174 pignus
851 1104 927 1176 quod
949 1104 1042 1161 tulerit
1062 1120 1113 1178 per
1131 1104 1376 1162 suameustodiam
1396 1105 1450 1160 sai·

393 1218 459 1259 rum
479 1200 562 1282 iaciat
582 1217 670 1273 usque
698 1200 734 1258 ad
755 1201 915 1273 prefinitum
936 1208 1063 1274 tempus,
1095 1202 1165 1259 sicut
1191 1209 1286 1275 supter
1310 1201 1450 1258 adnexum

394 1306 453 1356 est:
485 1297 514 1354 id
543 1305 585 1356 est
609 1297 682 1355 inter
709 1315 755 1354 eas
784 1314 918 1370 personas
939 1298 986 1371 qui
1008 1299 1079 1356 intra
1100 1306 1211 1356 centum
1232 1299 1307 1357 milia
1328 1298 1399 1356 intra
1419 1315 1450 1354 se

395 1395 532 1462 habitant,
556 1395 762 1469 diesuigentis
784 1401 812 1452 et
832 1395 854 1452 si
876 1396 947 1453 inira
965 1396 1031 1453 istos
1049 1397 1107 1454 dies
1127 1415 1163 1454 u
1184 1397 1248 1471 quis
1266 1397 1313 1454 ilie
1334 1396 1449 1468 pignum

395 1510 485 1564 suum,
505 1494 640 1566 justitiam
662 1492 766 1552 iaciens
787 1500 815 1551 et
836 1493 957 1552 devitum
977 1495 1117 1564 reddens,
1148 1511 1204 1552 non
1226 1493 1400 1562 liberaverit,
1422 1501 1450 1550 et

392 1599 456 1666 post
481 1593 632 1650 transactos
661 1608 697 1648 xx
723 1591 783 1648 dies
815 1591 971 1664 contegerit
1001 1609 1035 1650 ex
1056 1593 1146 1665 ipsum
1175 1593 1275 1667 pignus
1295 1591 1450 1663 mancipias

392 1697 440 1750 aut
460 1689 578 1763 quoiirit
598 1689 736 1763 pieuiium‘
752 1691 834 1759 mori,
858 1697 904 1746 aut
925 1688 1107 1748 bumicidium
1129 1699 1176 1748 aut
1197 1691 1329 1748 damnum
1347 1689 1448 1757 iacere,

393 1795 441 1846 aut
459 1786 523 1844 alivi
545 1792 767 1858 transmegrare,
799 1793 865 1850 tune
891 1787 997 1845 devitor
1023 1788 1050 1844 in
1082 1805 1161 1846 suum
1179 1789 1314 1846 damnum
1334 1787 1446 1858 reputit,

394 1884 441 1958 qui
471 1885 588 1956 pignora
616 1901 666 1942 sua
695 1884 814 1942 liberare
844 1884 982 1955 neglexit:
1016 1902 1079 1944 nam
1105 1885 1128 1942 si
1155 1885 1226 1943 inira
1248 1886 1315 1942 istos
1335 1901 1371 1940 xx
1392 1883 1450 1940 diss

395 1977 492 2040 servus
510 1989 556 2039 aut
577 1982 679 2039 ancilla
699 1983 801 2039 mortui
823 1982 915 2054 suerit,
938 1989 986 2039 aut
1001 1982 1133 2055 pieuiium
1154 1983 1276 2056 perierit,
1299 1989 1347 2040 aut
1360 1981 1451 2038 bumi-

394 2081 497 2140 eidium
511 2087 559 2138 aut
577 2081 710 2139 damnum
723 2078 828 2149 feeerit,
844 2079 903 2153 ipse
919 2079 966 2152 qui
983 2079 1170 2154 pigneraverit
1184 2081 1213 2136 in
1228 2097 1308 2137 suum
1319 2080 1450 2136 damnum

393 2179 508 2252 repetit,
531 2185 558 2235 et
578 2177 693 2252 proprio
714 2177 830 2235 domiuo
851 2178 1008 2239 satistaciat.
1040 2179 1117 2234 Etsi
1140 2194 1223 2251 super
1244 2184 1355 2235 eentum
1377 2175 1450 2232 milia

394 2277 466 2334 inter
486 2293 514 2332 se
536 2276 657 2334 creditor
682 2282 710 2332 et
741 2276 849 2333 devitor
878 2276 1057 2345 habitaverit,
1087 2285 1153 2334 tuno
1181 2292 1267 2349 usque
1288 2293 1323 2332 xe
1344 2275 1449 2332 dierum

393 2375 481 2448 spatia
502 2390 574 2446 pena
595 2375 780 2448 suprascripta
801 2376 982 2433 custodiatur.

410 2533 411 2536 Ἴ
472 2472 560 2529 m.
582 2472 639 2546 (De
657 2473 761 2544 stertis.)
803 2471 833 2528 si
854 2472 926 2529 iiber
946 2472 1031 2530 bomo
1054 2473 1156 2530 furtum
1178 2470 1286 2539 iecerit,
1311 2475 1340 2526 et
1359 2468 1389 2524 in
1411 2468 1451 2540 ip·

394 2587 454 2628 sum
476 2571 579 2626 furtum
599 2575 719 2642 temptus
741 2568 833 2635 tuerit,
857 2569 980 2641 iegangit
1000 2569 1042 2630 sit
1076 2570 1105 2626 Si
1128 2570 1270 2644 usquead
1292 2569 1388 2629 decem
1409 2581 1450 2622 se·

394 2667 484 2741 tiquas
505 2667 608 2724 furtum
630 2665 743 2736 iecerit,
773 2665 826 2723 sibi
850 2683 955 2724 nonum
975 2667 1090 2738 reddat,
1120 2675 1147 2726 et
1168 2673 1309 2741 conponat
1334 2682 1384 2738 pro
1406 2664 1451 2720 tali

395 2766 475 2838 eulpa
497 2764 602 2824 solidos
623 2779 715 2833 eux,
739 2763 787 2820 aut
806 2763 899 2824 anime
920 2779 985 2822 suae
1007 2764 1129 2823 incurrat
1149 2764 1311 2839 perieulum.

477 2861 564 2918 254.
606 2861 636 2918 Si
664 2876 759 2918 servus
780 2860 881 2919 turtum
902 2862 999 2920 iecerit
1020 2869 1047 2918 et
1068 2868 1159 2920 tentus
1186 2862 1215 2918 in
1242 2861 1332 2934 ipsum
1353 2860 1454 2916 turtum

396 2959 587 3032 meritusque
609 2958 645 3016 ad
666 2959 764 3016 decem
785 2959 923 3032 seliquas,
950 2959 1004 3017 sibi
1026 2977 1132 3022 nonum
1160 2960 1307 3028 reddatur,
1338 2964 1454 3029 excepto

395 3062 538 3130 conponat
557 3073 608 3131 pro
630 3057 711 3128 culpa
732 3055 839 3114 solidos
856 3073 902 3122 xe,
925 3062 972 3116 aut
990 3057 1139 3128 occidatur.

475 3154 564 3212 255.
606 3154 636 3211 Si
660 3154 722 3228 quis
743 3171 794 3227 per
813 3155 1002 3228 proditorem,
1035 3155 1065 3211 id
1093 3163 1134 3212 est
1154 3171 1204 3228 per
1225 3161 1328 3211 certum
1350 3153 1454 3217 indica·

395 3259 495 3321 torem,
520 3252 623 3309 furtum
638 3251 786 3322 invenerit,
809 3252 862 3310 sibi
881 3269 987 3310 nonum
1008 3251 1056 3325 qui
1077 3252 1179 3310 furtum
1194 3253 1259 3310 iecit
1279 3253 1304 3309 ei
1323 3250 1453 3306 restituat

477 3350 567 3406 856.
609 3349 638 3406 Si
661 3367 754 3426 servus
774 3351 841 3407 dum
862 3351 890 3407 in
913 3351 976 3422 iuga
1006 3357 1047 3407 est
1068 3351 1170 3408 turtum
1191 3357 1244 3409 -aut
1264 3351 1395 3406 damnum
1416 3348 1456 3404 ie-

396 3447 481 3513 serit,
504 3447 581 3504 etin
602 3448 662 3522 ipsa
683 3448 746 3521 iuga
768 3449 835 3506 ioris
856 3448 998 3522 provincia
1021 3449 1181 3520 migraverit
1202 3455 1229 3504 et
1249 3464 1307 3504 non
1329 3446 1453 3515 redierit,

398 3553 463 3603 tune
485 3545 615 3602 dominus
636 3546 706 3604 serui
728 3548 905 3604 medietatem
926 3564 977 3620 pro
998 3547 1086 3621 ipsam
1107 3563 1165 3603 rem
1186 3562 1269 3619 quam
1292 3545 1390 3600 iurarit
1409 3549 1456 3599 aut

398 3645 531 3700 damnum
552 3644 575 3700 si
596 3644 694 3701 iecerit
714 3645 847 3703 restituat.
870 3645 938 3701 Nam
960 3643 982 3701 si
998 3660 1135 3700 recressus
1148 3644 1231 3700 tuerit
1247 3644 1275 3699 in
1292 3649 1454 3716 potestatem

398 3743 503 3799 domini
525 3743 579 3812 sui,
604 3749 669 3800 tunc
691 3743 725 3799 de
747 3732 884 3816 quantum
902 3743 974 3810 tolit,
998 3748 1080 3814 caput
1100 3749 1222 3811 tantum,
1246 3741 1376 3797 dominus
1397 3741 1454 3812 ejus

397 3841 426 3896 iu
448 3841 586 3911 integrum
605 3841 721 3905 reddat;
744 3847 868 3898 cessante
890 3841 918 3896 iu
941 3840 994 3897 hoe
1010 3841 1130 3914 capituto
1144 3857 1214 3912 pena
1231 3838 1304 3908 furti,
1327 3837 1454 3910 eoquod

382 3937 427 4014 sin
448 3937 512 4010 iuga
533 3937 606 3996 iecit.
1063 3991 1064 4000 ,

477 4035 559 4093 551.
603 4035 632 4092 Si
662 4035 762 4091 mulier
786 4035 872 4092 libera
900 4035 1014 4094 iuiireae
1036 4051 1118 4109 super
1138 4031 1455 4106 surtum'oonprebinsa

398 4125 495 4205 fuerit,
520 4136 622 4191 turtum
643 4135 719 4208 quod
739 4135 835 4192 iecerit
855 4137 909 4192 sibi
931 4153 1036 4192 nonum
1057 4138 1214 4205 conponat,
1239 4148 1302 4188 nam
1324 4130 1377 4187 alia
1398 4131 1456 4186 cui-

399 4251 462 4309 pam
484 4251 542 4290 non
563 4234 719 4308 requiratur
740 4250 790 4305 pro
813 4250 846 4289 eo
868 4235 944 4314 quod
972 4233 1072 4306 injuria
1093 4247 1172 4304 passa
1193 4238 1250 4293 esta
1282 4229 1331 4285 sed
1358 4228 1454 4285 vitium

399 4349 477 4391 suum
499 4332 610 4404 repotit,
634 4333 681 4406 qui
704 4348 818 4404 operam
838 4333 1010 4404 indigentem
1030 4331 1120 4388 iacere
1142 4327 1323 4402 temptaverit.

479 4429 566 4488 958.
609 4430 639 4488 Si
660 4428 733 4487 aldio
754 4437 801 4486 eut
820 4431 920 4492 ancilla
936 4445 1018 4502 super
1036 4429 1137 4506 furtum
1155 4433 1256 4499 tempta
1273 4425 1365 4490 suerit,
1387 4441 1454 4480 oon-

400 4533 485 4600 ponat
505 4527 635 4584 dominus
657 4545 752 4584 earum
773 4528 874 4586 turtum
902 4529 993 4602 ipsum
1023 4526 1075 4584 sibi
1107 4541 1232 4590 nouum,
1264 4530 1382 4596 excepto
1402 4538 1453 4594 pro

400 4627 510 4699 eulpam
529 4625 635 4682 solidos
655 4642 702 4682 xe.
