3170 5218
431 500 465 549 Vl

429 663 498 740 ipris
519 663 561 720 cel
589 661 689 721 alienis
716 661 884 721 benunibus.
930 661 995 722 Hae
1013 662 1175 742 particulae
1197 673 1319 734 tantum,
1355 680 1430 720 nunc

427 774 553 851 primum
580 774 683 845 editae,
724 773 763 832 ad
785 781 877 832 artem
898 775 1084 835 structoriam
1107 784 1252 854 spectant,
1284 786 1311 836 et
1340 795 1378 836 ere
1398 777 1435 835 iis

431 887 520 945 salum
549 905 613 944 cam
644 903 797 964 operarum
819 887 916 964 pretia
949 887 1147 967 artificumque
1175 889 1333 967 stipendia,
1375 898 1435 947 tum

431 999 617 1058 tenebricosae
637 999 715 1058 illim
737 999 841 1058 aetatis
864 1001 1075 1059 consuetudines
1105 996 1317 1081 aedificatoriae
1340 1001 1434 1060 adbuc

428 1129 549 1190 prorsus
569 1112 683 1190 ipnatae
705 1112 775 1170 satie
797 1112 905 1190 liquida
928 1113 1107 1176 innotescent.

519 1223 658 1284 Lectionis
693 1225 892 1302 perspicuitati
927 1224 1053 1284 maxime
1093 1225 1225 1290 obstabat
1262 1225 1433 1286 incredibilis

433 1337 562 1414 ipserum
584 1344 716 1395 textuum
739 1337 884 1396 barbarice
904 1338 941 1397 ab
955 1339 1172 1398 amanuensium
1188 1339 1353 1416 ipuarantia
1368 1339 1437 1396 mire

431 1457 518 1534 aucta
547 1457 573 1507 et
601 1449 750 1508 involuta:
791 1457 872 1512 eraut
904 1459 930 1508 et
958 1469 1037 1510 euees
1064 1451 1267 1528 clamatoribus
1304 1451 1435 1528 ipnetae:

431 1569 514 1620 eram
534 1562 694 1639 particulae
723 1571 806 1621 tanta
836 1564 987 1622 lectionum
1009 1564 1147 1624 uarietate
1169 1565 1376 1642 discrepatum,
1402 1573 1434 1620 ut

432 1675 512 1732 nulla
535 1681 603 1732 esset
625 1674 744 1750 elipendi
767 1676 915 1735 certitudo.
952 1673 1058 1737 Curari
1077 1677 1176 1754 itaque
1189 1695 1243 1754 pra
1263 1677 1381 1746 uiribus,
1406 1685 1438 1734 ut

432 1786 560 1862 sinpalae
567 1786 729 1864 particulae
745 1789 783 1846 ad
800 1788 935 1848 literalem
945 1789 1043 1848 saltem
1055 1807 1166 1850 sarsum
1177 1790 1309 1848 redactae
1329 1797 1434 1852 esuum

432 1916 506 1974 quae
536 1899 663 1980 deinceps
692 1900 866 1979 obscuriora
887 1903 1036 1980 et‘mapis
1068 1901 1197 1962 incolatu
1223 1909 1436 1970 remanserant,

430 2011 574 2088 perpetuis
605 2011 715 2072 scholiis
743 2012 868 2084 munivi,
902 2015 1087 2074 schematibus
1120 2016 1205 2074 etiam
1233 2031 1293 2072 rem
1330 2013 1437 2091 effracti.

521 2123 602 2198 Inter
632 2124 704 2200 lepes
730 2126 821 2184 editas
849 2127 900 2186 bae
927 2129 1123 2188 inscribuntur
1152 2127 1310 2188 subtituto
1334 2124 1443 2186 ITEM

433 2207 774 2298 eenamcenam
786 2237 843 2299 aa
861 2235 1080 2300 Maecenas
1096 2236 1435 2307 camusnanesre,

434 2367 531 2426 neepue
553 2351 702 2410 admameit
732 2347 775 2409 ct.
800 2350 934 2410 Baudius
965 2367 1054 2411 unum
1076 2351 1200 2410 codicem
1221 2351 1439 2430 Eporediensem

435 2480 482 2521 eas
503 2463 608 2539 referre
629 2464 704 2521 inter
726 2459 861 2554 Edictum
876 2459 1035 2523 Grimcaldi
1050 2471 1074 2521 et
1090 2461 1225 2538 Edictum
1246 2463 1437 2541 liutprandi:

434 2589 545 2656 tresque
574 2587 685 2637 tantum
717 2577 789 2636 alias
819 2577 925 2635 codices
957 2567 1003 2637 eas
1032 2575 1148 2642 babere;
1190 2595 1228 2634 ese
1256 2576 1375 2654 quibus,
1409 2578 1441 2634 in

435 2689 600 2751 Matritensi
627 2699 653 2749 et
681 2689 838 2750 Parisiensi
860 2687 971 2760 turs,
1006 2688 1045 2747 eis
1076 2689 1153 2748 lacus
1177 2689 1262 2748 datus
1282 2698 1348 2767 past
1371 2691 1441 2766 lepes

444 2803 625 2882 liutprandi,
660 2804 740 2876 nulla
764 2801 864 2861 addita
886 2802 1000 2879 speciali
1018 2803 1155 2876 rubricas
1180 2802 1212 2860 in
1227 2799 1345 2862 &vensi
1363 2821 1440 2872 cera,

332 2985 333 2988 Ἴ
435 2913 671 2975 Memaruterium
692 2916 820 2994 sequitur
842 2914 955 2992 quidem
975 2914 1111 2974 Edictum
1134 2912 1322 2992 liutprandi,
1348 2916 1442 2974 adna-

437 3029 542 3088 tctiaue
565 3037 658 3087 tamen
676 3027 855 3106 praemissa,
891 3027 1016 3104 eupletas
1043 3045 1099 3086 esse
1121 3026 1192 3104 lepus
1214 3045 1233 3086 a
1256 3025 1438 3104 liutprando

319 3203 324 3210 ,
436 3143 521 3213 latas,
547 3141 651 3218 basque
669 3140 829 3218 particulas
848 3139 1004 3216 posteriore
1026 3147 1122 3216 aetate,
1136 3138 1222 3216 fuisse
1245 3139 1396 3200 subiectas.

525 3252 589 3314 Hac
611 3253 730 3330 deumne
752 3270 900 3322 maneam,
924 3250 1125 3312 Burbararum
1138 3251 1218 3327 'lepus
1240 3251 1307 3308 iura
1326 3249 1444 3328 publica

438 3375 465 3423 et
488 3365 581 3424 cicilia
604 3373 717 3432 tantum
739 3365 909 3444 respexisse,
942 3364 993 3422 bec
1016 3371 1056 3424 est
1079 3363 1245 3424 commercia
1267 3372 1295 3421 et
1316 3363 1444 3422 rationes

438 3478 512 3538 inter
543 3479 732 3538 dominatores
768 3485 794 3536 et
823 3478 979 3548 subiectam
1016 3477 1090 3536 salas
1126 3493 1191 3536 cera
1223 3474 1443 3556 lanpebardcs‚

366 3609 373 3634 κ
439 3590 556 3653 Italiam
578 3591 727 3668 antiquam
749 3590 857 3648 artium
878 3589 1006 3665 repinam
1029 3597 1165 3662 tenentes,
1203 3589 1245 3647 rei
1275 3587 1447 3660 stmectariae

439 3711 610 3762 umutentum
637 3702 770 3772 sensisse,
796 3703 920 3780 lepesque
949 3698 1068 3762 adrem
1091 3702 1214 3772 dedisse,
1248 3718 1321 3778 quae
1341 3700 1446 3760 saltem

438 3817 561 3894 probant
589 3815 734 3874 teterrima
762 3815 812 3872 illa
842 3822 934 3900 aetate
964 3814 1129 3874 architectos
1160 3822 1244 3892 atque
1274 3819 1441 3877 structores,

440 3929 529 3988 Italas
552 3936 655 3998 ueteres
677 3927 774 4004 fuisse,
800 3937 825 3986 et
848 3937 915 3986 tuuc
938 3928 1070 4006 temperis
1093 3927 1124 3986 in
1146 3926 1236 3992 Italia
1252 3926 1340 4003 plura
1363 3925 1445 3984 aedi·

440 4040 507 4120 ficia
527 4050 553 4098 et
575 4040 679 4098 minari
697 4040 809 4098 inscitia
832 4049 975 4108 estruem,
1008 4048 1094 4118 quum
1112 4041 1190 4118 apud
1207 4031 1319 4100 euterns
1340 4045 1446 4115 acestes.

531 4179 601 4259 lup.
630 4181 831 4241 Taurinorum.
857 4179 925 4242 Kal.
949 4180 1054 4242 Martii
1072 4177 1308 4242 MDCCCXLVI.
