3172 5228
504 503 641 548 rnrcrnrr
663 503 729 552 om.
753 499 894 546 masso.
1188 475 1231 552 bb

177 656 264 721 ponat
293 666 357 723 pro
374 648 466 725 ipsam
495 653 662 725 injuriosum
684 654 799 712 terbum
819 653 926 710 solidos
946 671 994 714 ιιι.
1029 657 1073 712 -Et
1093 654 1117 712 si
1138 643 1232 728 perse·

177 747 331 820 reraverit,
362 749 510 808 convincat
540 767 589 824 per
616 765 750 826 pugnam
769 751 792 809 si
814 752 955 825 potuerit,
983 760 1033 811 aut
1064 759 1138 811 certe
1165 769 1234 812 con-

176 851 264 917 ponat
284 853 314 903 nt
333 864 424 921 supra.

255 963 340 1020 888.
379 962 413 1020 'Si
434 963 497 1037 quis
519 964 664 1022 bominem
678 951 805 1022 'libemm
825 965 965 1038 inpegerit
984 962 1015 1022 ut
1035 965 1135 1032 cadat,
1166 983 1234 1022 con-

176 1066 264 1130 ponat
281 1061 385 1118 solidos
406 1078 444 1130 rr,
468 1061 507 1118 sie
528 1065 620 1119 tamen
642 1063 665 1120 si
681 1063 795 1120 alteram
811 1062 946 1120 lesionem
967 1061 1126 1137 incorpore
1147 1064 1233 1136 ipsius

176 1172 234 1212 non
255 1157 368 1224 iecerit3
412 1159 435 1216 si
463 1166 555 1216 autern
584 1177 649 1219 eum
669 1160 809 1233 inpegerit
834 1169 862 1218 et
893 1178 949 1218 non
978 1161 1133 1231 accederit,
1167 1178 1234 1220 con·-
1265 1157 1266 1162 ’

175 1262 263 1328 ponat
282 1257 388 1314 solidos
408 1273 449 1318 ιιι.
909 1267 911 1280 ¹
1034 1248 1061 1274 ‘'

255 1374 340 1431 888.
374 1373 404 1432 Si
426 1374 488 1448 quis
504 1374 647 1432 bominem
666 1375 795 1444 liberum,
819 1381 980 1447 surgentem
1001 1392 1076 1445 rena,
1100 1361 1234 1448 per'bar·

176 1468 226 1526 bas
246 1479 293 1526 aut
312 1473 427 1546 capillos
445 1473 573 1542 traxerit,
597 1479 739 1545 conponat
760 1472 864 1530 solidos
883 1489 923 1544 rr,
946 1473 969 1530 si
991 1473 1094 1530 aldium
1115 1479 1163 1528 aut
1182 1472 1233 1529 mi·

177 1567 341 1626 nistirielem
361 1587 410 1628 sen
434 1586 514 1628 servo
539 1571 682 1642 rustigano
711 1588 764 1645 per
782 1571 882 1628 barbas
902 1577 951 1628 aut
970 1571 1085 1644 capillos
1105 1570 1230 1636 traxerit,

177 1675 321 1740 conponat
341 1669 411 1726 sicut
432 1686 483 1743 pro
504 1670 584 1727 lerita
605 1686 670 1729 una.
811 1673 814 1678 '
937 1656 939 1665 ¹
1064 1649 1066 1660 Α

256 1780 339 1842 884.
363 1781 415 1859 (De
435 1787 554 1854 brachio,
578 1803 663 1856 coac,
686 1785 823 1842 contidla
841 1781 947 1858 rupta.)
989 1781 1019 1840 Si
1041 1783 1103 1857 quis
1124 1779 1232 1840 bomini

175 1879 265 1937 libero
286 1881 402 1938 bracbio
424 1898 507 1955 super
527 1883 630 1954 gorito,
655 1883 708 1940 boc
729 1890 771 1940 est
789 1881 923 1952 muriolb,
947 1880 1069 1955 ruperit,
1092 1886 1234 1954 conponat

176 1978 280 2036 solidos
301 1996 356 2044 ιι;
379 1980 400 2036 si
422 1987 514 2037 antem
535 1981 631 2039 subtus
652 1981 798 2051 gemitum,
822 1979 899 2053 quod
918 1985 958 2036 est
976 1986 1067 2050 treno,
1091 1985 1233 2053 conponat

176 2075 280 2132 solidos
300 2093 357 2137 ιιι.
400 2067 429 2135 Si
457 2094 525 2134 coxa
554 2077 660 2152 ruperit
687 2094 771 2150 snper
798 2077 979 2150 geniculum,
1006 2077 1060 2134 boc
1092 2083 1133 2134 est
1162 2077 1229 2149 lagi,

176 2181 318 2247 conponat
337 2175 443 2232 solidos
465 2191 520 2240 ιιι
538 2175 566 2232 ἐἰ
587 2176 683 2232 subtus
704 2175 883 2246 geniculum,
907 2176 982 2247 quod
1003 2180 1045 2232 est
1065 2174 1142 2240 tibia,
1166 2191 1233 2231 con·

175 2279 262 2346 ponat
281 2273 385 2331 solidos
407 2290 463 2332 ιιι.
507 2272 536 2329 st
564 2289 629 2329 vero
651 2289 743 2330 semus
769 2279 816 2330 aut
836 2273 932 2329 clodus
953 2271 1053 2344 luerit,
1076 2278 1229 2346 conponat,

175 2369 246 2426 sicut
266 2371 294 2428 in
316 2372 370 2430 hoc
391 2371 521 2428 Edictum
543 2371 653 2442 legitur,
678 2377 803 2444 quartam
825 2377 942 2444 partem.

256 2494 343 2552 885.
387 2493 439 2569 (Dc
469 2497 582 2552 mundio
604 2497 691 2568 puelle
716 2503 740 2552 ct
766 2498 799 2552 dc
825 2493 967 2568 timitem.)
1008 2494 1038 2551 Si
1060 2493 1175 2551 mundio
1197 2493 1232 2550 de

175 2593 266 2665 puella
277 2593 374 2660 libera,
397 2593 519 2667 parentis
530 2600 664 2668 mortuos,
687 2594 723 2651 ad
734 2599 841 2650 curtem
855 2593 930 2664 regis
944 2591 1086 2662 ceciderit,
1109 2599 1137 2649 et
1155 2598 1232 2666 pater
1246 2660 1248 2662 ¹

176 2691 218 2746 vel
239 2690 323 2750 irater
343 2692 465 2749 devitum
486 2691 646 2763 demiserit,
673 2692 702 2748 ln
730 2691 822 2766 quoda
843 2691 1002 2764 portionem
1023 2691 1093 2764 patri
1115 2691 1156 2747 vel
1178 2691 1232 2747 ira-

174 2787 223 2844 tris
243 2788 354 2845 heredis
367 2792 553 2860 ,successerit,·
569 2790 608 2846 ita
624 2794 652 2849 ct
673 2789 794 2847 devitum
815 2791 963 2862 persolvat.
987 2787 1077 2846 Simili
1098 2788 1183 2845 modo
1204 2793 1233 2846 et

175 2883 199 2942 si
220 2887 357 2943 naturales
378 2886 428 2943 lilii
450 2887 569 2945 luerent.

253 3001 341 3059 880.
385 3001 525 3059 Presentis
545 3018 610 3058 rero
632 2999 822 3074 dispositionis
843 3006 954 3057 nostrae
972 2999 1112 3068 Edictum,
1135 3015 1229 3074 quem,

175 3098 235 3154 Deo
257 3098 396 3172 propitio,
428 3117 493 3156 cum
512 3117 620 3156 summo
641 3097 733 3166 studio
755 3105 783 3155 et
808 3099 923 3156 summis
943 3096 1043 3168 vigiliis
1064 3113 1080 3154 a
1102 3097 1231 3154 celestem

175 3195 299 3272 laborem
320 3197 466 3269 prestetis,
497 3198 669 3270 inquirentes
698 3203 726 3252 et
754 3201 973 3252 rememorantes
1003 3194 1132 3268 antiquas
1161 3194 1230 3266 legis

174 3299 284 3368 patrum
301 3302 459 3352 nostrorum
480 3313 552 3368 quae
573 3296 675 3369 scripte
697 3308 755 3350 non
773 3302 862 3364 crant,
885 3293 1083 3360 condedimus;
1106 3299 1134 3350 et
1154 3294 1230 3367 quod

174 3407 225 3464 pro
246 3405 394 3449 commune
416 3373 541 3450 omnium
564 3393 653 3464 gentis
675 3400 770 3450 nostre
790 3392 953 3449 utilitatibus
975 3392 1142 3465 expediunt,
1170 3391 1231 3465 pari

103 3525 107 3530 -
174 3489 292 3549 consilio
314 3491 485 3565 conperique
506 3504 692 3560 consensum,
715 3505 779 3548 cum
799 3491 950 3574 primatus,
969 3490 1094 3563 judices,
1117 3496 1232 3548 cuncto·

175 3587 439 3661 que.ielicissimnm
460 3588 610 3646 exercitum
633 3594 778 3654 nostmm,
809 3587 935 3660 augentis
956 3587 1169 3658 constituimus,
1200 3587 1229 3644 in

174 3686 238 3742 boc·
255 3687 448 3764 membranum
475 3687 597 3743 scribere
623 3686 757 3760 jussimus
786 3692 993 3760 pertractantes.
1035 3687 1071 3742 Et
1097 3687 1148 3742 snb
1171 3666 1230 3744 ¹boc
1307 3759 1309 3764 ,

174 3791 265 3840 tamen
287 3784 409 3856 capitulo
431 3790 618 3854 reservantes,
642 3793 672 3842 ut
692 3785 768 3859 quod
790 3785 893 3853 adbuc,
916 3790 1087 3840 annuentem
1108 3783 1230 3842 divinam
1291 3843 1297 3857 ,

174 3882 362 3952 clementiam,
386 3899 436 3956 per
458 3884 586 3956 suptilem
611 3882 823 3956 inquisitionem
844 3883 879 3938 de
899 3882 1026 3954 antiquas
1040 3881 1108 3952 legis
1123 3883 1231 3956 Lango-

174 3980 326 4038 bardorum
340 3987 395 4038 tam
410 3997 460 4055 per
481 3981 667 4053 nosmetipsos
689 3997 772 4054 quam
793 3979 988 4054 perantiquus
1004 3993 1159 4036 memorare
1180 3997 1231 4053 po·

175 4086 326 4149 lueremus,
349 4079 378 4134 in
400 4079 454 4135 boc
475 4078 604 4136 Edictum
625 4079 793 4151 subjungere
815 4077 962 4133 deveamus
981 4077 1132 4147 addentes,
1160 4077 1229 4151 quin
1272 4118 1277 4127 .

174 4177 258 4235 ctiam
278 4185 306 4232 ct
325 4193 376 4250 per
396 4175 553 4247 gairetbinx
564 4177 687 4234 secundo
708 4172 776 4232 ritus
794 4181 891 4246 gentes
908 4181 1004 4230 nostre
1020 4176 1228 4246 confirmantes

174 4281 205 4332 ut
224 4275 264 4332 sic
284 4275 353 4335 baec
373 4279 418 4334 lex
439 4276 518 4334 firma
539 4284 566 4334 et
587 4276 716 4333 stabelis:
748 4274 877 4353 quatinus
899 4273 1000 4331 nostris
1022 4273 1181 4331 filicissimis
1202 4281 1230 4333 et

174 4373 273 4431 tuturis
300 4373 470 4446 temporibus
501 4375 618 4434 tirmiter
648 4381 676 4432 et
696 4373 894 4432 inuiolabiliter
920 4374 957 4430 ab
978 4372 1108 4430 omnibus
1129 4373 1230 4430 nostris

174 4471 305 4546 subiectis
325 4471 504 4532 costodiatur.
