3172 5228
376 481 418 559 dd
747 501 951 548 emuowannr
973 502 1064 551 nuere
1178 507 1181 514 ⁴

389 663 396 673 ‘
422 687 425 692 ·
447 649 536 710 082.
580 651 611 710 si
637 651 701 725 quis
720 651 863 710 hominem
883 651 1003 712 liberum
1024 669 1118 712 casum
1139 643 1286 712 facientem
1307 657 1432 714 nolendo

377 749 529 820 occiderit,
558 757 699 823 conponat
726 767 789 808 euru
816 750 887 808 siout
906 751 1074 824 adpretiatus
1095 753 1196 820 tuerit,
1223 762 1252 810 et
1279 754 1352 812 saida
1373 771 1433 812 non

376 847 543 924 requiratur,
566 856 599 904 eo
621 843 697 922 quod
718 848 842 905 nolendo
864 849 938 905 iecit.

456 945 541 1026 888.
584 946 620 1002 Et
640 945 694 1002 hoc
714 945 842 1015 addimus
863 946 915 1004 hac
937 947 1126 1018 decernimus,
1149 954 1180 1005 ut
1199 965 1295 1008 causas
1316 967 1370 1024 que
1392 951 1434 1008 ie-

378 1043 449 1100 nitas
470 1048 534 1099 sunt
554 1059 612 1101 non
633 1043 824 1110 revolrantur;
846 1061 917 1118 quae
939 1051 1030 1104 auteur
1052 1053 1196 1116 nunaunt
1223 1048 1336 1118 semus,
1369 1057 1434 1106 cta

264 1199 265 1202 ,
377 1150 505 1214 presente
525 1141 649 1214 vigisima
669 1141 791 1200 secunda
813 1142 858 1199 die
875 1143 972 1200 minsis
993 1143 1074 1216 hujus
1089 1146 1257 1212 novembris,
1280 1147 1436 1206 indictione

378 1233 510 1306 secunda,
533 1240 659 1297 insuetae
675 1247 722 1298 aut
739 1248 878 1298 commute
893 1241 984 1304 inerit.
1002 1258 1053 1314 per
1070 1243 1123 1300 hoc
1133 1243 1262 1302 Edictum
1276 1245 1437 1305 incidantur

379 1347 407 1396 et
426 1338 567 1397 finiantur.

345 1443 346 1448 ’
396 1529 397 1532 ¹
456 1454 493 1510 Et
512 1453 566 1510 hoc
587 1453 754 1524 generaliter
774 1454 871 1511 damus
892 1453 921 1509 in
942 1455 1090 1526 mandatis,
1116 1473 1151 1514 ne
1173 1456 1267 1530 aliqua
1288 1457 1362 1514 fraus
1383 1473 1435 1530 per

379 1551 481 1610 aicium
500 1550 667 1624 scriptorum
686 1550 717 1608 in
732 1551 786 1608 hoc
802 1552 932 1608 Edictum
953 1553 1108 1621 adibeatur‚
1131 1553 1155 1610 si
1177 1555 1269 1628 aliqua
1291 1555 1372 1612 suerit
1392 1555 1438 1612 io-

381 1649 469 1706 tentio
490 1648 567 1705 nulla
592 1648 646 1706 aiia
673 1649 841 1722 exemplaria
862 1649 990 1706 credatur
1009 1658 1056 1706 aut
1076 1651 1257 1723 suscipiatur,
1286 1653 1339 1710 orsi
1360 1655 1438 1727 quud

381 1763 432 1822 per
451 1764 549 1806 manua
569 1747 696 1804 Ansoaid
723 1748 832 1806 notario
854 1754 950 1805 nostro
971 1749 1105 1822 scripturn
1126 1758 1173 1808 aut
1193 1747 1367 1821 recognitum
1388 1768 1439 1808 seu
1539 1809 1541 1812 ,
1576 1767 1577 1814 t

381 1845 546 1920 requisitum
566 1845 658 1916 suerit,
682 1848 730 1920 qui
750 1863 801 1920 per
821 1851 945 1903 nostram
962 1845 1116 1918 jussionem
1136 1848 1254 1922 scripsit.

746 1996 906 2051 EXPLICIT
925 1995 1081 2048 EDICTUM
1149 2002 1164 2022 ‘¹

687 2141 936 2224 tunditis
962 2141 1122 2228 tntis·

932 2411 934 2420 ι

751 2617 891 2695 ncnrr
913 2619 1074 2695 rorcron

456 2814 459 2818 ·
551 2791 1022 2907 ,cnrnowuunr
1057 2791 1282 2904 nucis.

836 3015 994 3026 ——-.

601 3145 602 3148 ’
668 3139 772 3209 (Mense
787 3139 870 3218 tulto,
890 3152 957 3191 anno
976 3135 1154 3204 dccxviii.)
1181 3215 1182 3218 Ἴ

468 3286 612 3358 Superiore
625 3285 729 3356 pugion
738 3284 817 3354 hujus
829 3281 923 3340 Edictr'
939 3284 1046 3355 ἱερέων,
1069 3286 1111 3342 ita
1121 3285 1194 3354 quod
1207 3285 1295 3342 eune
1309 3291 1443 3342 annuente

387 3385 504 3442 Domino
520 3399 669 3450 memorare
676 3375 851 3452 ipotuererous
872 3384 905 3437 de
917 3383 1033 3438 duculos
1042 3395 1137 3438 carues
1149 3398 1200 3452 pue
1213 3385 1245 3438 ia
1254 3390 1375 3453 preserrte
1388 3399 1443 3438 oon

388 3491 451 3546 suot
467 3484 571 3552 adflate,
593 3484 625 3538 in
637 3483 685 3536 doc
697 3479 825 3536 Edictum
835 3481 983 3552 udjuopere
996 3481 1154 3546 deoramus,·
1177 3483 1218 3537 ito
1229 3487 1259 3536 ut
1276 3497 1375 3536 ¹carrarca
1394 3496 1443 3550 pue

330 3563 338 3570 ’
383 3584 506 3654 judicate
526 3587 551 3636 et
569 3581 670 3648 [mace
690 3586 752 3637 suot
770 3595 827 3634 nort
846 3579 1040 3642 rwoiountrrr„
1063 3577 1129 3634 Ideo
1150 3595 1197 3650 epo
1216 3581 1260 3634 uir
1280 3579 1441 3634 eremmo-

389 3682 472 3736 sr'rnur
491 3677 727 3747 Grimorooid,
750 3695 815 3749 peras
833 3675 1078 3748 Langobardorum
1098 3694 1166 3740 ree,
1190 3694 1281 3740 cono,
1295 3674 1363 3745 ,Deo
1381 3692 1443 3746 pro·

387 3781 466 3852 pitto,
489 3785 563 3844 secto
581 3777 732 3848 requireri,
755 3779 840 3832 miore
855 3777 938 3847 julio,
956 3777 1105 3832 indictione
1121 3777 1274 3843 undecim,
1294 3793 1344 3847 per
1353 3791 1442 3846 ucre-

388 3880 474 3949 atione
488 3879 613 3949 jerdicum
633 3876 804 3945 omniumque
825 3889 953 3930 consensu
973 3891 1021 3942 eu,
1054 3890 1123 3944 poue
1143 3875 1197 3928 iiiia
1218 3875 1290 3930 dure
1316 3883 1340 3930 et
1360 3876 1443 3944 impie

389 3978 420 4032 io
439 3977 487 4031 icoo
506 3975 634 4033 Edictum
653 3975 714 4028 uisu
733 3979 813 4042 root,
846 3973 884 4027 ud
913 3973 1049 4028 meduan
1078 3979 1177 4028 statum
1202 3978 1226 4027 et
1253 3973 1443 4028 curaecium

388 4076 536 4132 remedium
556 4087 692 4144 conarere
712 4078 735 4127 et
754 4087 881 4140 revocure
897 4072 1077 4142 prevideantur,
1100 4071 1131 4126 id
1151 4079 1188 4126 est

470 4173 503 4229 1.
544 4170 596 4246 (De
615 4173 733 4243 tripertio
752 4186 887 4226 annuum
904 4168 1083 4241 concupiere.)
1114 4166 1144 4224 si
1165 4183 1259 4225 servus
1278 4173 1325 4226 aut
1345 4167 1443 4225 ancilia

390 4288 441 4346 per
454 4270 575 4342 trigenta
592 4269 683 4340 annis,
707 4269 826 4342 qualiter
841 4266 881 4324 rei
903 4267 1003 4324 veritas
1020 4265 1132 4336 cognita
1152 4264 1236 4321 suerit
1255 4283 1306 4339 per
1325 4266 1443 4338 trigenta

391 4371 473 4436 annis
494 4369 615 4427 dominis
636 4369 693 4426 suis
712 4368 838 4439 servisse,
863 4374 891 4424 et
907 4385 958 4442 per
970 4367 1096 4440 supervia
1114 4372 1160 4426 aut
1175 4367 1274 4440 iniusta
1291 4363 1442 4438 patrocinia

391 4486 420 4527 se
441 4468 558 4528 voluerit
579 4469 614 4526 dc
635 4469 750 4548 domino
771 4483 821 4524 suo
843 4467 957 4542 proprio
980 4481 1030 4540 per
1050 4481 1143 4540 pugna
1164 4463 1325 4535 deffluere,
1354 4463 1443 4537 nutia-
