3172 5228
468 521 604 565 EDICTUM
627 519 692 564 GAI'.
714 515 780 560 65-
793 513 828 560 tt.

360 667 487 722 INCIPIT
504 671 548 720 DE
567 663 964 732 Annnvonsnnonnutnto.

398 795 529 858 (Kalendis
549 797 655 854 martlts,
676 805 744 844 anno
762 789 934 858 nccxxw.)

383 912 406 968 ss
461 918 653 981 VOLUMEN
676 917 874 984 OCTAVUM.

173 1062 237 1118 Jam
257 1037 364 1133 puidam
383 1065 476 1132 septies
495 1064 526 1118 io
546 1048 636 1117 natira
656 1061 749 1117 Edtett
769 1077 877 1132 corpore
897 1061 990 1131 aliqua
1001 1063 1187 1131 praevidemus

134 1166 303 1216 nummatam
323 1161 451 1230 capitula,
476 1172 544 1229 quae
564 1160 640 1214 nolis
662 1167 686 1214 et
701 1161 800 1215 nostris
809 1159 947 1228 judicibus
968 1164 1049 1229 aque
1066 1159 1188 1228 fidelibus

135 1261 280 1319 seeundum
293 1257 379 1314 Deum
399 1265 472 1312 reeta
490 1264 697 1328 comparuerunt.
719 1255 798 1312 Nune
814 1258 931 1327 quidem,
955 1258 1076 1327 eoquod
1089 1258 1189 1312 multae

136 1371 232 1412 causae
252 1359 289 1412 ad
303 1357 480 1426 definiendum
495 1353 649 1426 incognitae
669 1361 756 1419 erant,
781 1357 847 1425 puta
863 1357 912 1410 alii
925 1357 1189 1425 per'eon'sue'tutinam

52 1433 54 1438 ¹
136 1456 186 1510 alis·
202 1471 251 1525 per
271 1456 415 1510 arbitrium
430 1455 558 1525 judicare
578 1455 755 1516 estimabant,
779 1454 819 1507 t'ta
836 1455 1021 1523 presidemus,
1053 1461 1083 1511 ut
1101 1455 1190 1510 nutus

137 1569 212 1608 error
229 1556 280 1609 s'sse
302 1554 416 1621 delerit,
446 1553 492 1606 sed
512 1553 634 1608 ommibus
653 1553 797 1619 manifesta
818 1552 957 1607 olariseere
977 1553 1038 1608 lea:
1060 1555 1191 1624 ideoquae

136 1652 200 1706 laea
219 1654 360 1708 statuimus
381 1653 514 1706 adnotare
534 1651 671 1720 capitula,
695 1666 770 1704 ammo
790 1651 887 1706 scilicit
906 1652 983 1722 regul
1002 1653 1106 1720 nostrl,
1133 1651 1190 1707 Deo

136 1749 282 1823 lorpieute,
315 1751 532 1820 quartodecimo,
564 1751 627 1816 diae
647 1748 824 1804 kalendarum
843 1747 1022 1817 martiarum,
1044 1747 1192 1806 indictione

136 1863 217 1903 moun.
241 1845 409 1914 Quinetiam
424 1854 448 1902 et
463 1847 566 1917 judicis
583 1855 663 1917 atque
673 1846 767 1914 fedelis
783 1849 870 1902 nostri
887 1849 920 1902 de
935 1845 1192 1918 partibusaustriae

136 1951 160 1999 et
179 1943 322 2000 Neustriae
341 1946 479 2000 nobiseum
499 1946 663 2012 adsuerunt,
686 1951 710 1999 et
730 1942 795 1999 leaeo
814 1947 906 2000 munite
925 1947 997 2001 inter
1016 1963 1044 2000 se
1063 1946 1193 2002 malarouts'

136 2048 208 2106 suut,
231 2051 254 2097 et
274 2044 351 2098 moltis
371 2045 556 2098 renuntiantes
577 2043 714 2098 nobiseum
732 2041 838 2112 pariter
858 2049 1008 2099 statuerumt
1028 2050 1125 2114 atquae
1146 2046 1192 2099 de-

135 2141 279 2209 finieruut5
302 2148 325 2196 et
346 2157 405 2196 essm
421 2139 608 2211 presentaliter
627 2142 740 2208 fuissent
760 2143 880 2211 capitula
900 2144 953 2197 ista
974 2142 1080 2207 relecta,
1104 2144 1193 2198 omul-

137 2238 185 2292 tus
201 2239 375 2308 placuerunt,
398 2245 422 2294 et
441 2240 574 2308 preoeuts's
593 2239 735 2293 adsensum
755 2231 907 2294 statuerunt
925 2239 1076 2309 nobiseum,
1099 2249 1129 2296 ut
1147 2241 1193 2296 m’·

136 2335 282 2392 ln'lomimus
299 2352 349 2406 per
369 2337 491 2391 ordinem
512 2336 699 2392 assiderentur.

217 2491 269 2568 (l.)
302 2496 364 2552 2⁰.
396 2494 425 2550 Si
447 2494 521 2551 inter
540 2495 637 2552 tratres
658 2459 709 2568 per
728 2512 763 2551 xe
784 2511 874 2552 annos
896 2495 1037 2568 possessio
1055 2493 1138 2554 luerit
1158 2497 1193 2556 do

135 2593 219 2649 rebus
239 2608 287 2648 seu
309 2591 343 2647 de
365 2592 499 2648 casIsnel
520 2593 555 2648 do
576 2593 657 2648 terris
678 2609 750 2665 quae
771 2593 891 2655 indIvIsa
912 2601 987 2662 sunt,
1010 2595 1054 2650 vel
1074 2610 1125 2667 per
1146 2611 1194 2668 pa·
1291 2614 1295 2622 ·

137 2696 240 2758 rentes,
264 2689 311 2761 qui
332 2705 382 2760 per
403 2706 437 2745 xi
459 2706 548 2745 annos
569 2689 711 2761 possedit,
735 2692 854 2761 qualiter
874 2691 1013 2762 presumit,
1031 2692 1123 2750 dicere
1144 2709 1194 2766 per

137 2777 343 2860 sagramentum
363 2787 398 2842 ad
420 2794 515 2844 sanata
529 2787 581 2842 Dei
596 2787 750 2858 evangelia,
774 2789 851 2861 qnod
872 2789 907 2844 de
928 2788 989 2846 avio
1005 2797 1053 2846 sut
1067 2791 1102 2847 de
1116 2798 1194 2864 patre

137 2893 185 2944 aut
206 2886 240 2941 de
262 2885 357 2969 tratre,
381 2891 427 2940 ant
446 2885 536 2957 qualis
554 2899 656 2956 parens
673 2884 767 2950 luerit,
791 2887 868 2958 quod
885 2886 958 2960 ipsas
979 2903 1096 2946 ressuas
1111 2889 1195 2946 laetas

137 2985 245 3052 habuit,
268 2989 316 3039 aut
331 2997 386 3062 per
405 2983 569 3052 donatione,
592 2989 639 3046 aut
659 2983 887 3052 commutatione,
915 2990 962 3040 aut
982 2985 1193 3058 conparatmne,

137 3088 186 3140 aut
206 3082 240 3137 de
262 3081 415 3146 extimatio,
438 3087 485 3137 aut
504 3080 648 3153 quomado
670 3080 871 3154 presumpserit
890 3082 984 3138 disere
1005 3089 1052 3138 aut
1072 3085 1193 3154 firmare,
1220 3094 1223 3100 ’

136 3182 228 3236 laceat
248 3195 312 3234 eum
334 3185 428 3251 postea
450 3178 523 3250 ipsas
542 3194 588 3234 res
610 3178 712 3235 babere
734 3184 762 3234 et
781 3178 947 3251 possederas
976 3179 1044 3236 alias
1065 3197 1131 3240 vero
1152 3193 1196 3238 res

138 3295 210 3351 quae
232 3277 336 3334 divisae
358 3277 469 3334 luerunt
489 3275 562 3335 iuter
581 3276 679 3333 tratres
700 3282 747 3358 aut
768 3282 898 3349 nepotes,
926 3277 969 3332 vel
995 3277 1045 3334 ubi
1057 3295 1196 3336 ,mensura

137 3381 225 3432 tracta
242 3383 302 3451 est,
317 3421 319 3426 ,
333 3382 420 3430 sortes
449 3381 553 3431 stantes
569 3373 782 3446 adaequentur.
824 3374 894 3430 Nam
914 3374 962 3430 ubi
983 3390 1033 3447 per
1053 3392 1087 3454 xe
1108 3392 1197 3432 annos

138 3473 263 3530 minsnra
284 3475 406 3530 menime
428 3472 597 3541 ambulavit,
611 3478 639 3528 st
654 3463 737 3528 causa
755 3477 867 3544 provata
887 3471 971 3529 luerit
991 3474 1067 3545 quod
1087 3473 1117 3530 in
1136 3474 1197 3546 jura

137 3573 235 3644 quieto
257 3570 450 3642 possedissit„
464 3569 534 3626 siout
554 3570 680 3643 superius
701 3570 804 3640 legitur
824 3585 872 3642 per
892 3578 1098 3640 sagramentum
1118 3572 1199 3630 finia-

139 3675 195 3738 tur,
219 3676 335 3740 excepto
358 3668 380 3724 si
402 3667 588 3726 communiter
608 3668 707 3741 aliquit
726 3668 885 3741 possedant.

222 3799 286 3876 (Il.)
315 3801 368 3858 Il.
400 3800 430 3857 Si
452 3801 514 3874 quis
535 3802 590 3858 alio
612 3808 671 3858 asto
693 3801 893 3874 conpellarerit
923 3801 1089 3874 depugna,
1121 3802 1198 3874 qnod

140 3899 205 3957 solit
226 3899 285 3956 fieri
307 3915 357 3971 per
377 3915 473 3971 pravas
498 3917 651 3972 personas,
684 3907 797 3974 preveat
826 3906 1030 3971 sagramentum
1060 3899 1120 3974 ipse
1150 3897 1198 3973 qui

141 3998 283 4070 conpellat
304 3997 395 4065 solus,
419 4004 446 4052 et
468 3997 540 4054 dicat
557 3999 681 4070 juratus,
705 3998 847 4070 quianon
870 4004 928 4053 asto
950 3997 1047 4054 autmo
1065 4015 1128 4055 eum
1149 4014 1201 4071 per

141 4111 235 4167 pugna
256 4095 368 4150 laticare
390 4102 504 4166 querat,
528 4095 581 4152 nisi
603 4095 680 4169 quod
701 4101 805 4152 certam
824 4094 926 4151 habeat
946 4095 1117 4168 suspitione,
1140 4095 1199 4152 sibe

143 4193 179 4249 de
200 4192 272 4248 furto
295 4179 387 4256 luerit,
411 4193 469 4248 sibe
492 4194 525 4249 de
540 4193 684 4259 incendio,
708 4200 755 4249 aut
774 4193 849 4249 unde
870 4192 929 4265 ipsa
953 4192 1121 4265 conpellatio
1143 4191 1200 4262 agi·

143 4297 205 4346 tur:
235 4297 263 4347 et
282 4289 305 4346 si
327 4290 380 4344 hoc
398 4290 549 4361 juraverit,
572 4298 669 4365 postea
690 4291 771 4347 vadat
791 4290 892 4347 exinde
913 4305 1028 4364 pugna3
1063 4291 1086 4348 si
1107 4295 1200 4348 autem

143 4388 266 4446 menime
283 4389 376 4461 jurare
397 4391 612 4462 presumpserit,
640 4404 697 4445 non
719 4387 768 4445 fiat
789 4388 848 4462 Ipsa
870 4381 953 4445 eausa
975 4403 1024 4461 per
1044 4405 1139 4464 pugna
1157 4389 1201 4461 ju·

145 4485 235 4542 dicata
255 4492 302 4543 aut
322 4483 410 4547 finita.
836 4485 839 4490 '

256 4611 258 4615 ·
967 4580 986 4638 θ
