3172 5228
548 1223 682 1298 ruotrn
705 1227 900 1302 acroam
983 1176 985 1181 ⁵

385 1385 754 1502 Rodulttls
789 1387 1022 1504 tabule·

353 1705 473 1772 (oeetmo
493 1709 794 1792 kalendaaldeeembran
816 1725 883 1763 auno
904 1712 1053 1782 ocatur.)

394 1850 430 1910 III
441 1872 548 1911 NOMINE
568 1873 669 1912 nomint
687 1874 786 1912 bostut
803 1876 878 1914 turso
896 1876 1006 1920 cnutsrt

276 1973 384 2042 lucram
405 2000 489 2042 outao
511 2002 609 2043 usuris
630 2003 735 2044 nosram
758 1988 1019 2058 marmannorum,
1043 2006 1098 2062 que
1119 2007 1228 2062 egressa

170 2089 212 2138 est
233 2083 268 2139 ab
288 2082 377 2140 insula
399 2099 454 2155 que
477 2081 578 2140 dicitur
595 2083 774 2155 Scauoauau,
799 2087 874 2158 quod
896 2088 1093 2160 Interpretatur
1112 2091 1142 2144 in
1159 2105 1227 2160 pur·

168 2182 239 2238 tibus
258 2177 416 2252 Apntuno,
446 2180 494 2238 ubi
524 2181 627 2238 multae
649 2189 745 2250 gentes
768 2166 912 2248 babita'nt3
940 2184 1015 2240 inter
1040 2184 1142 2258 quibus
1169 2192 1228 2244 erat

169 2295 237 2349 gens
258 2296 351 2352 parva,
375 2294 446 2350 quae
469 2278 608 2336 Wrumuts
629 2280 787 2337 vocabatur.
830 2280 866 2336 Et
896 2289 955 2336 erat
975 2299 1037 2340 cum
1066 2283 1106 2339 eis
1127 2283 1228 2340 mulier

168 2376 283 2434 nomine
305 2375 455 2441 Gaurana,
484 2375 660 2448 habebatque
682 2377 752 2432 duos
774 2377 862 2434 filios:
887 2395 989 2436 nomen
1012 2380 1061 2436 uni
1082 2381 1174 2448 Yiron,
1198 2385 1225 2436 et

168 2492 272 2532 nomen
293 2474 373 2532 alteri
394 2489 452 2533 ato.
493 2474 548 2547 Ipsi
576 2491 639 2532 oum
666 2481 754 2532 matre
782 2493 831 2534 sua
853 2477 966 2534 nomine
989 2477 1126 2536 Gambara
1146 2478 1226 2552 priu-

167 2574 290 2647 cipatum
310 2573 423 2630 tenebat
442 2587 526 2645 super
547 2572 689 2635 WInnilIs.

178 2719 180 2732 .
245 2672 281 2729 ll.
310 2672 460 2730 Moverunt
479 2685 508 2726 se
530 2685 597 2740 ergo
617 2671 700 2726 duces
723 2671 942 2740 Wandalorum,
971 2672 1001 2728 id
1021 2679 1062 2730 cst
1082 2677 1176 2731 Areum
1198 2681 1226 2730 et

166 2773 242 2838 Aser,
264 2785 327 2826 cum
348 2767 515 2826 exercitibus
537 2769 605 2838 suis,
628 2776 656 2825 et
677 2769 807 2828 dicebant
828 2771 862 2826 ad
889 2770 1037 2827 Winnilis:
1060 2770 1114 2828 Aut
1134 2774 1226 2828 solum

165 2869 244 2924 nobie
264 2869 376 2936 tributo,
400 2873 449 2924 aut
467 2874 611 2937 preparata
630 2884 677 2922 voe
696 2869 734 2923 ud
752 2885 873 2940 puppam
897 2876 921 2924 et
939 2877 1058 2940 papante
1077 2871 1223 2928 nobiscum.

166 2963 245 3020 Tunc
274 2964 480 3037 responderunt
500 2963 578 3019 Ybor
606 2971 638 3020 et·
653 2965 708 3036 Ajo
735 2982 799 3022 cum
825 2973 980 3022 matresua
1003 2965 1159 3037 Gambara,
1182 2967 1224 3024 di·

165 3069 277 3118 centes:
300 3061 399 3120 Mclt‘ua
420 3069 457 3118 cat
477 3063 554 3118 nodia
573 3077 695 3134 puppam
713 3079 872 3134 preparare,
905 3081 987 3134 quum
1011 3064 1152 3121 Wuudult'a
1172 3068 1223 3122 ιη’-

165 3160 229 3216 buta
248 3162 405 3231 persolvere.
427 3161 507 3216 Tunc
520 3159 620 3221 Ambri
642 3168 670 3216 et
685 3161 756 3226 desi,
782 3161 835 3216 boo
851 3169 897 3218 est
913 3161 997 3218 ducas
1009 3161 1220 3233 Wandalorum,
1294 3192 1296 3202 ν

164 3266 332 3330 rogaverunt
353 3258 465 3327 Gouau,
490 3265 519 3314 ut
539 3259 617 3316 daret
638 3257 677 3323 eis
699 3275 782 3331 super
803 3259 943 3316 Winnilis-
965 3259 1115 3316 victoriam.
1159 3261 1224 3316 lies-

1 3378 2 3394 *
62 3360 64 3366 ’
164 3356 264 3427 pendit
285 3357 385 3414 Godan
408 3357 519 3412 dicens:
544 3355 618 3424 Quos
638 3358 678 3412 sol
698 3364 821 3428 serpente
836 3365 918 3413 anteo
938 3358 1042 3426 uidem,
1065 3360 1132 3430 a'paa‘e
1153 3360 1223 3416 dubo

163 3456 315 3513 victorium.
356 3454 465 3511 Eodem
487 3462 612 3527 tempore
634 3453 773 3512 Gambara
793 3470 856 3513 cum
876 3455 985 3511 duobus
1006 3455 1071 3512 liliis
1092 3457 1165 3526 suis,
1193 3457 1223 3514 id

164 3558 207 3606 est
225 3552 305 3608 Ybor
326 3559 353 3608 et
373 3553 440 3624 Ajo,
465 3553 512 3625 qui
535 3551 676 3626 principes
697 3560 777 3608 crant
797 3552 1034 3625 superWinuilis,
1057 3562 1223 3624 rogaverunt

163 3649 260 3707 Fuuau
281 3667 398 3706 uxorem
420 3649 531 3721 (lodan,
555 3658 585 3707 ut
605 3650 640 3707 ad
660 3650 792 3706 Wiunilis
814 3657 885 3706 esset
905 3650 1033 3724 propitia.
1057 3651 1136 3707 Tunc
1154 3653 1222 3709 Frea

163 3747 240 3804 dedat
260 3748 418 3818 consilium,
437 3755 477 3821 ut,
496 3765 558 3804 cum
573 3749 615 3803 sol
629 3757 765 3825 surgeret,
775 3747 909 3804 Winnilis
924 3755 951 3803 et
967 3747 1098 3804 mulieres
1113 3766 1219 3818 eorum,

162 3845 253 3902 crines
282 3847 372 3902 solute
394 3847 468 3905 circa
499 3846 596 3904 laciem
618 3846 646 3902 in
669 3846 883 3904 similitudinem
911 3845 1033 3916 barbae,
1066 3863 1128 3902 cum
1149 3846 1223 3903 viros
1285 3921 1286 3924 Ἴ

162 3961 226 4000 suus
248 3943 384 4000 venirent.
430 3945 510 4001 Tunc
531 3946 686 4002 lucescente
708 3946 785 4002 caelo
809 3945 875 4000 dum
896 3939 937 4000 sol
959 3950 1095 4014 surgeret,
1118 3945 1224 4018 gyravit

162 4043 231 4098 Frea
252 4058 323 4097 uxor
345 4040 445 4100 Godan
468 4044 599 4100 lectulum
619 4043 668 4099 ubi
691 4043 869 4100 recumbebat
890 4042 932 4104 alr
953 4041 1025 4113 ejus,
1049 4048 1077 4096 et
1097 4041 1163 4100 iecit
1183 4043 1222 4100 la-

54 4186 58 4192 .
162 4138 233 4196 cum
261 4139 319 4210 ejus
341 4149 438 4196 contra
460 4142 616 4210 orientem,
647 4150 675 4197 et
697 4140 825 4198 excitavit
846 4155 918 4198 cum.
938 4178 943 4192 .
960 4139 996 4194 Et
1017 4138 1064 4196 ille
1085 4141 1223 4214 aspIcieus

160 4236 229 4292 vidit
259 4235 393 4292 Wiunilis
424 4245 451 4292 et
471 4239 602 4295 mulieres
629 4255 727 4294 eorum
757 4237 890 4296 babentes
912 4235 1004 4293 crines
1025 4239 1129 4298 solutas
1150 4238 1223 4296 eirca

161 4333 259 4392 laciem
280 4334 310 4390 in
326 4335 442 4391 modum
457 4336 571 4402 barbae,
595 4343 622 4392 et
637 4337 723 4394 dlxii:
748 4335 803 4405 Qut
822 4345 885 4394 aunt
905 4339 952 4394 isti
964 4335 1223 4410 Lanpodardc’?

76 4481 80 4488 .
159 4431 197 4488 Et
217 4431 287 4491 dixit
308 4433 377 4488 Frea
397 4439 426 4487 ot
447 4433 564 4490 Godan:
596 4435 729 4506 Domine,
759 4439 828 4493 elcut
849 4438 948 4492 deduci
967 4451 1080 4502 omnen,
1112 4439 1149 4494 do
1167 4439 1223 4494 otto

160 4529 354 4588 stadelarium.
396 4528 433 4586 Et
460 4529 538 4588 dedit
558 4531 598 4589 eis
617 4531 782 4604 victoriam,
811 4539 840 4589 ut
859 4531 907 4590 ubi
928 4531 1017 4590 risum
1039 4541 1111 4590 esset
1131 4533 1223 4591 vindi-

994 4630 1008 4687 1
