3170 5218
393 395 456 456 tto
779 409 964 452 urnronsonr
987 406 1076 454 annus

389 567 486 630 tortio,
510 562 751 624 dte‘kotcadooum
769 561 949 629 martiarum,
972 560 1121 617 cunctans
1141 559 1234 626 tmtt'n,
1255 555 1305 616 tna
1326 555 1444 626 capitula

389 681 440 735 quc
460 670 615 719 calcanco
635 667 712 716 oront
731 660 872 723 trutinata,
893 659 967 714 onds
986 659 1159 730 copaouiaasn
1179 673 1233 718 cus
1252 656 1444 716 ialcntioucatt

389 769 420 820 nl
439 763 536 818 amodo
555 761 631 818 nollo
650 761 686 815 sil
701 758 951 830 judicibnsaoslris
970 759 1019 826 pus·
1029 757 1159 828 judicare
1171 755 1268 813 ualeat
1283 745 1445 824 qualum

389 875 440 931 poc
461 861 591 924 dudtotno,
614 860 663 914 aed
679 859 793 928 firmiter
810 857 915 928 nomint
928 857 1069 912 decernere
1089 856 1157 913 elcut
1178 854 1233 923 lito,
1254 850 1313 912 ilco
1326 851 1443 920 fanone,

388 959 600 1016 adnotavimus:
622 957 654 1010 id
674 961 711 1010 oct
731 957 762 1010 tn
781 956 876 1027 primis
955 985 958 995 ·

457 1050 518 1127 tl.)
556 1051 642 1110 145.
672 1051 702 1112 si
723 1051 921 1124 cujuscumquo
941 1065 1035 1108 corvus
1055 1055 1103 1106 aut
1123 1047 1270 1112 ancillam,
1294 1045 1384 1106 aldius
1404 1043 1445 1104 rel

389 1151 491 1209 aldlam
511 1149 541 1206 in
563 1149 709 1209 ecclesiam
729 1149 781 1206 Dei
803 1147 965 1218 coniugium
986 1146 1101 1216 lecerit,
1135 1151 1163 1204 ot
1183 1145 1312 1234 dominns
1334 1143 1377 1201 vel
1398 1158 1446 1215 pa·

389 1257 485 1310 tronus
507 1262 604 1307 corum
632 1255 680 1304 aut
708 1263 759 1319 par
783 1263 812 1302 oc
841 1253 887 1302 aut
914 1244 1083 1319 permissos
1103 1259 1169 1302 suos
1189 1243 1291 1304 caindo
1313 1241 1447 1302 violentas

330 1375 331 1378 ¹
388 1347 519 1412 traxerit,
550 1352 693 1419 conponat
714 1343 853 1415 widrigild
873 1359 925 1399 suo*
944 1342 974 1398 in
995 1341 1181 1414 suprascripta
1201 1348 1295 1400 sancta
1316 1339 1445 1400 baselica.

388 1447 424 1504 llt
443 1447 466 1503 si
487 1461 582 1502 servus
602 1445 645 1500 vcl
666 1443 757 1501 aldins
777 1443 837 1499 sinc
858 1443 999 1502 voluntate
1016 1440 1125 1500 domini
1144 1440 1187 1498 nri
1209 1441 1263 1498 laon
1280 1441 1387 1499 malum
1407 1437 1447 1494 lo-

387 1543 472 1614 carit,
496 1543 544 1599 dat
563 1541 629 1614 ipso·
645 1557 725 1618 sarno
746 1549 793 1598 ant
813 1539 926 1597 aldiono
946 1555 997 1612 pro
1018 1538 1109 1611 ipsum
1130 1539 1234 1598 malum
1254 1538 1285 1596 in
1306 1555 1390 1598 manu
1412 1536 1446 1592 de

383 1641 512 1700 custodes
540 1639 629 1712 ipsius
656 1640 814 1703 banclicact
846 1645 875 1694 at
903 1637 970 1710 ipso
985 1637 1119 1695 dominus
1147 1638 1189 1696 vol
1215 1643 1349 1709 patronus
1370 1635 1448 1694 sado·

384 1737 466 1796 laclnt
486 1753 537 1812 par
557 1744 779 1803 sacramentum,
802 1737 878 1813 quod
900 1751 950 1807 per
969 1734 1057 1808 ipsius
1078 1736 1249 1796 voluntatem
1269 1735 1324 1796 hoc
1344 1735 1447 1792 lactum

174 1890 177 1897 .
261 1876 263 1880 .
383 1853 441 1892 non
462 1836 562 1900 luissit,
586 1841 614 1892 et
635 1835 726 1907 ipsum
748 1833 888 1904 widrigild
910 1849 991 1895 sunm
1012 1849 1069 1894 non
1092 1827 1247 1906 conponat.

463 1931 529 2008 (ΙΙ.)
550 1935 636 1990 146.
658 1932 689 1988 Si
710 1931 784 2005 quis,
806 1931 935 2000 timorem
955 1930 1008 1990 Dci
1024 1930 1177 1997 inmemor,
1199 1948 1250 2005 pro
1265 1930 1447 2004 cupiditatem

385 2037 496 2092 tarrcm
517 2037 632 2105 proptor
645 2031 857 2103 qualiscumque
869 2045 928 2086 rom
946 2028 1037 2086 scions
1054 2045 1083 2086 so
1099 2029 1289 2102 perjuraverit,
1313 2035 1447 2103 etpostca

383 2130 528 2188 lurontnm
548 2135 577 2184 ot
597 2128 744 2202 probatum
765 2127 848 2183 fucrit
867 2127 945 2200 qaod
961 2127 1130 2199 petituramit,
1153 2127 1337 2205 tuncamillnl
1351 2127 1447 2200 ,ipsam

381 2243 442 2284 rom
461 2243 513 2300 pro
535 2242 591 2299 qua
612 2242 642 2282 ss
662 2225 824 2299 perjurarit,
847 2231 874 2282 ct
895 2225 997 2284 lrabeat
1018 2241 1080 2285 cnm
1100 2224 1162 2297 ipsc
1182 2225 1227 2287 cui
1243 2232 1344 2286 contra
1362 2225 1447 2286 ralio-

385 2342 449 2384 nnm
467 2324 589 2398 juravitt
612 2323 748 2397 insopor‚·
767 2323 832 2396 quia
853 2330 881 2380 ct
901 2324 930 2382 in
952 2340 987 2382 so
1003 2323 1077 2396 ipsa,
1098 2330 1137 2394 cl,
1160 2323 1236 2396 qnod
1257 2324 1319 2396 plus
1340 2331 1393 2393 cst,
1418 2324 1446 2383 in

382 2424 443 2480 ilco
465 2423 598 2496 peccavit,
621 2429 649 2480 ct
670 2421 781 2493 negarit
800 2422 888 2478 fidam
905 2435 1000 2486 suam.
1024 2427 1053 2480 nt
1069 2420 1221 2493 perjurarit
1240 2422 1366 2482 Domino
1385 2423 1447 2480 Deo

383 2537 444 2590 sno,
467 2527 497 2577 et
514 2519 684 2592 sibimetipsi.
699 2528 759 2576 nco
781 2519 916 2592 pepercit,
939 2525 1080 2591 conponat
1099 2517 1278 2580 mensulem
1297 2520 1333 2578 tle
1353 2519 1447 2578 niuri-

313 2615 316 2619 ’
384 2618 443 2690 gild
464 2635 514 2674 suo
536 2617 562 2673 ei
583 2617 627 2673 cui
647 2616 807 2689 perjuravit.
1348 2639 1349 2646 1

401 2731 404 2741 ‘
464 2712 548 2788 (ΠΙ).
571 2716 650 2771 141.
670 2715 833 2771 Recolimnn
851 2715 927 2770 enim
948 2713 1143 2788 qualitatium
1162 2721 1245 2776 anina
1264 2714 1444 2783 inslitnimun

383 2819 414 2868 ot
445 2811 467 2869 sl
495 2812 558 2885 quis
584 2811 725 2870 dccodsns
752 2812 787 2870 dc
817 2813 890 2868 hano
919 2811 976 2870 vita
999 2812 1148 2884 reliquerit
1170 2811 1256 2873 liliam
1278 2831 1370 2875 unam
1399 2819 1447 2870 aut

382 2911 486 2986 pluras,
508 2916 537 2966 ct
557 2923 668 2970 sorores
688 2909 718 2967 in
740 2909 841 2982 capillo
862 2907 992 2968 similitor
1009 2927 1094 2972 unam
1115 2916 1162 2969 aut
1182 2911 1292 2983 pluras,
1306 2957 1308 2962 ,
1321 2917 1357 2968 ut
1373 2911 1446 2984 pari

385 3014 428 3066 tor
449 3015 532 3082 atquo
553 3007 690 3081 nuptialiter
709 3023 820 3065 sorores
840 3014 868 3064 ct
888 3007 963 3066 filino
983 3008 1009 3066 oi
1037 3009 1186 3068 succedam
1211 3009 1331 3076 dchnutt
1365 3017 1394 3067 at
1423 3009 1445 3066 si

384 3113 465 3164 notor
490 3107 521 3163 in
543 3105 647 3178 capillo
666 3099 839 3177 dcccdcrit,'
860 3121 940 3162 soror
961 3106 1009 3182 qni
1031 3089 1197 3166 remanserit
1214 3107 1445 3168 similitcrsorori

382 3221 449 3262 sano
470 3203 608 3262 succedat.
648 3203 739 3262 Modo
758 3221 825 3260 roro
849 3204 914 3277 qnia
935 3203 1056 3264 intentio
1076 3213 1174 3263 oxorta
1193 3213 1235 3266 cst
1253 3206 1327 3264 inter
1347 3207 1445 3266 fratros

382 3311 411 3360 et
430 3317 542 3360 sorores
561 3301 597 3357 da
618 3307 702 3375 ocptc
724 3317 779 3374 quo
803 3301 836 3358 in
855 3300 959 3375 capillo
984 3305 1213 3374 mortualuerat,
1236 3291 1445 3364 altercationcm

382 3407 521 3474 ponentes
543 3399 605 3472 quis
626 3399 655 3456 ci·
671 3400 823 3460 suonodcra
852 3400 973 3466 donarit:
1002 3403 1166 3474 statuimur,
1194 3410 1225 3462 ut
1247 3405 1357 3469 narbas
1385 3405 1445 3477 cjm

382 3497 412 3556 in
434 3497 511 3569 cnjus
531 3496 678 3555 mundium
699 3497 770 3570 luit,
798 3498 857 3571 ipsa
879 3499 906 3556 ci
925 3499 1056 3559 succedat
1075 3500 1104 3560 in
1127 3501 1186 3574 ejus
1206 3502 1356 3574 portiono;
1378 3519 1444 3560 nam

270 3629 274 3640 l
383 3594 527 3653 amadanis
548 3594 634 3667 ipsius
656 3596 691 3652 de
712 3597 772 3668 ojus
793 3596 923 3670 portione
950 3597 1019 3654 nihil
1046 3599 1219 3673 percipiant,
1251 3600 1305 3658 nisi
1336 3608 1444 3659 tannim

311 3725 315 3728 -
383 3694 505 3751 habeant
525 3698 660 3766 quantum
681 3693 704 3750 si
725 3693 819 3751 vivens
840 3695 930 3752 fuissit
949 3696 1010 3770 ipsa
1031 3703 1128 3771 neptes
1149 3714 1253 3758 earum.

462 3787 555 3865 (1111.)
581 3792 665 3849 148.
689 3791 719 3846 Si
740 3792 802 3864 quis
824 3792 961 3850 invenerit
979 3795 1067 3851 libera
1088 3795 1235 3853 mulierem
1255 3803 1302 3856 ant
1321 3798 1443 3870 puellam

320 3896 325 3902 “
384 3905 434 3963 per
459 3904 588 3961 campum
614 3904 694 3945 snum
721 3889 886 3948 seminatum
908 3893 1095 3949 ambolantom
1116 3900 1143 3950 ct
1163 3895 1235 3951 viam
1257 3895 1440 3966 indicantem,

384 3985 507 4059 pigucrit
526 4002 598 4054 cnm,
621 3993 650 4042 ot
670 3995 798 4060 parentas
819 3995 867 4046 aul
885 3990 1037 4046 muodoald
1057 3991 1116 4064 ojus
1134 4001 1297 4065 conponant
1311 4011 1361 4067 pro
1382 3994 1443 4068 ipsa

382 4084 492 4144 solidos
508 4100 576 4152 sex,
606 4083 677 4142 siout
697 4087 741 4144 lot
763 4092 824 4151 est;
851 4103 916 4146 nam
937 4088 961 4145 si
987 4087 1046 4160 ipsa
1067 4089 1299 4161 conprobandum
1319 4107 1444 4165 prosum

382 4181 487 4256 possit,
519 4188 548 4237 ct
573 4181 610 4238 ad
634 4197 726 4240 casam
753 4199 831 4241 nuum
859 4186 979 4255 legatam
1005 4191 1053 4246 aut
1077 4187 1298 4250 submanicatam
1318 4191 1441 4260 durarit,

383 4286 527 4354 conponat
546 4276 653 4338 solidos
674 4285 797 4348 contum,
820 4281 998 4342 medietatam
1018 4283 1097 4354 regi,
1119 4291 1148 4344 ct
1168 4286 1347 4347 manantem
1365 4290 1443 4361 cujus

383 4392 465 4436 musa
486 4384 545 4442 osta
573 4374 616 4436 sior
644 4381 736 4436 nmen
768 4382 798 4436 ut
827 4379 987 4452 conpositio
1013 4380 1060 4440 illa
1082 4381 1119 4442 tle.
1144 4398 1193 4446 anx
1213 4385 1311 4446 solidis
1331 4387 1362 4448 iu
1380 4386 1441 4460 ipsa
