3170 5218
1140 463 1183 536 29

310 646 436 710 nuensis
461 647 510 709 vel
534 647 573 708 ob
597 645 758 730 archetypi
781 648 934 723 lacunam,
961 621 1049 712 deest
1072 671 1140 733 cap.
1153 672 1183 714 vr

312 761 354 820 Dc
383 762 599 821 marmorarios
630 761 810 822 Secundam
839 756 986 822 familiam
1017 762 1080 824 bini
1109 764 1183 826 item
1225 788 1238 808 ·

309 873 434 935 codices
458 872 663 946 constituunt,
689 873 748 934 Par
766 872 851 935 tnta
876 881 907 935 et
921 873 1050 956 Guelph.
1071 877 1102 957 2,
1129 879 1183 960 qui

311 993 451 1047 extremo
483 985 609 1066 quidem
642 985 822 1066 Liutprandi
860 985 976 1048 Edicto
999 987 1180 1074 adnectunt,

311 1097 366 1158 scd
397 1097 518 1160 omissis
547 1097 689 1178 capitulis
726 1117 769 1160 ru
784 1107 824 1160 et
849 1117 920 1167 vru,
956 1116 1012 1161 seu
1034 1101 1077 1160 lic
1097 1103 1184 1182 furno

298 1187 337 1269 “ct
360 1213 393 1270 de
412 1220 508 1289 poteo.
556 1211 601 1271 Ad
635 1211 758 1283 tertiam
790 1193 926 1292 denique
950 1211 1097 1274 Familiam
1120 1215 1184 1276 bini

311 1322 437 1404 reliqui
454 1322 578 1385 codices
609 1324 785 1404 pertinent,
819 1325 912 1407 Epor.
940 1335 970 1388 et
993 1326 1125 1410 Guelph.
1152 1329 1182 1403 1,

270 1447 273 1452 ’
313 1434 365 1515 qui
395 1435 647 1500 Memoratorium
678 1436 831 1520 integrum
862 1432 988 1519 quidem
1019 1438 1180 1509 exhibent,

311 1547 365 1608 sed
383 1545 470 1610 inter
491 1547 635 1611 Edictum
660 1547 858 1613 Grimowaldi
883 1558 914 1612 et
935 1551 1077 1613 Edictum
1101 1552 1185 1639 Lint-

315 1658 440 1739 prandi,
475 1668 506 1722 et
541 1661 782 1724 Grimowaldum
812 1662 878 1744 ejus
908 1670 1065 1726 auctorem
1096 1685 1186 1746 prae-

315 1769 424 1837 ierunt.
458 1809 495 1822 —
530 1773 631 1834 Etiam
661 1773 802 1836 lectionis
830 1774 979 1838 varietate
1009 1783 1040 1838 et
1068 1776 1187 1842 lacunis

316 1883 439 1946 codices
463 1887 618 1948 secundae
641 1884 776 1970 familiae
793 1905 811 1948 a
827 1886 986 1950 codicibus
1009 1889 1119 1952 tertiae
1142 1889 1187 1952 fa·

247 2001 250 2010 ’
315 1997 419 2059 miliae
434 1997 676 2080 distinguuntur:
701 2006 831 2080 utraque
855 2001 936 2065 euim
961 1998 1110 2062 lectiones
1132 2000 1187 2062 ha-

314 2109 433 2172 lectita
456 2109 514 2172 sibi
537 2111 695 2192 proprias,
730 2119 762 2174 ut
789 2107 1031 2194 uniuscujusque
1053 2098 1187 2174 familiae

317 2221 440 2284 codices
464 2222 503 2284 ab
527 2243 588 2286 uno
606 2223 779 2305 exemplari
797 2223 846 2286 vel
863 2221 1009 2305 descripti
1031 2225 1081 2286 vel
1105 2233 1188 2288 certe

315 2333 445 2401 derivati
467 2333 589 2396 dicendi
607 2335 682 2408 sint3
709 2335 751 2397 ita
774 2344 877 2397 tamen
893 2339 932 2397 ‘ut
947 2335 1079 2418 Guelplr.
1105 2345 1188 2399 utrc-

316 2446 471 2526 quc'loco
493 2447 524 2508 in
548 2445 771 2529 ortographicis
794 2468 813 2509 a
835 2448 966 2529 pristina
989 2467 1044 2511 seu
1067 2449 1189 2530 Lango-

318 2557 441 2620 bardic'a
469 2558 621 2646 scriptura
650 2560 747 2641 magis
784 2561 917 2622 recedat.
971 2560 1087 2623 Contra
1116 2561 1187 2624 Cav.

317 2679 348 2732 et
370 2671 430 2734 Ma.
456 2691 496 2732 ex
520 2671 606 2733 vario
629 2671 714 2734 fonte
744 2673 874 2735 derivati
898 2682 988 2746 suut,
1023 2693 1081 2735 uec
1110 2673 1191 2736 inter

316 2801 350 2844 se
376 2803 434 2845 nec
457 2784 570 2846 ceteris
593 2785 721 2860 similes,
747 2783 790 2846 ita
813 2793 917 2848 tamen
941 2789 974 2846 u't
997 2786 1111 2848 codicis
1129 2787 1189 2848 Ma.

316 2895 468 2976 scriptura
491 2895 659 2980 aliquando
682 2897 810 2960 accedat
832 2897 871 2958 a'd
896 2897 1020 2960 codices
1034 2899 1191 2961 secundae

318 3016 348 3068 et
363 3009 481 3071 tertiae
505 3009 657 3083 familiae,
683 3009 804 3070 multas
818 3016 920 3070 tamen
945 3009 1097 3072 lectiones
1119 3030 1191 3091 pro·

317 3119 400 3200 prias
418 3120 541 3189 haheat,
569 3139 801 3202 nonnumquam
817 3119 949 3202 optimas
957 3139 965 3201 3
990 3121 1074 3184 solus
1098 3123 1191 3185 etiam

299 3251 357 3292 ¹eu
381 3233 525 3294 omnibus
548 3233 579 3294 iu
604 3253 670 3314 cap.
695 3234 737 3293 Dc
759 3235 845 3311 farreo
869 3233 1061 3296 verissimam
1085 3234 1193 3296 lectio-

318 3363 391 3405 nem
409 3354 503 3428 postcs
526 3345 743 3427 suppeditavit.
779 3381 816 3388 -
844 3347 908 3408 Nec
931 3346 962 3408 iu
988 3346 1193 3428 capitulorum

319 3457 411 3518 modo
436 3478 583 3528 numero,
615 3467 765 3539 utsupra
788 3459 978 3528 notavimus,
1006 3455 1115 3523 sed‘iu
1141 3481 1194 3524 eo·

230 3565 235 3575 ’
321 3589 389 3630 rum
406 3569 498 3632 etiam
515 3571 667 3632 divisione
683 3571 792 3632 eadem
807 3561 992 3635 familiarum
1016 3573 1194 3636 discrimina

320 3689 480 3762 apparent.
535 3682 612 3744 Nam
646 3681 719 3745 Car.
751 3691 782 3745 et
811 3685 869 3746 Ma.
901 3682 960 3745 hac
989 3685 1081 3747 etiam
1106 3687 1137 3746 in
1161 3707 1194 3748 re

319 3793 358 3855 ab
370 3793 502 3856 invicem
513 3795 717 3858 dissentiunt:
745 3794 817 3862 Cav.
843 3795 926 3857 enim
949 3795 1033 3856 solus
1055 3816 1072 3857 e
1090 3798 1192 3870 codd,

321 3907 374 3987 qui
396 3907 457 3969 hoc
472 3909 726 3970 Memoratorium
750 3909 939 3989 Liutprando
963 3907 1112 3982 tribuunt,
1138 3929 1195 3989 pro

320 4037 405 4079 more
428 4019 508 4083 lidus
539 4029 569 4082 et
593 4019 742 4102 diligens,
781 4029 873 4102 atque
902 4040 942 4082 ex
965 4020 1083 4101 optimo
1118 4001 1197 4083 libro

321 4131 504 4212 descriptus,
531 4131 606 4195 illud
626 4133 760 4195 secernit
773 4131 818 4194 ab¹
832 4133 899 4214 ipso
911 4133 1011 4195 Edicti
1034 4141 1196 4223 contextu,

228 4231 234 4242 ⁶
322 4241 371 4304 his
394 4245 584 4324 praemissis,
612 4245 705 4306 rubro
730 4245 854 4308 colore:
879 4247 1009 4326 Empticit
1033 4248 1195 4326 tepescunt
