3208 5222
532 481 670 528 aurarum
690 482 756 528 aar.
781 477 886 522 tt-al-
1218 463 1238 524 9

174 631 262 705 judex
288 631 336 704 qui
362 631 392 689 in
419 632 483 688 loeo
505 631 648 690 ordinatus
668 638 710 689 est
739 648 754 689 a
774 649 842 704 rege
863 632 1007 690 inaurem
1031 637 1080 688 aut
1102 631 1238 702 jusu'tiam

179 745 237 784 non
259 729 416 799 servaverit,
441 736 585 802 currponat
605 730 680 801 regi,
706 747 789 804 quarn
810 737 837 786 et
858 730 934 804 cujus
956 747 1036 788 causa
1058 729 1237 803 estsalidus

176 829 298 898 vegenti,
322 844 403 884 eausa
423 835 594 886 manentem.
1070 899 1075 908 Ι

257 928 321 984 20.
354 924 404 998 (Da
423 929 577 990 weeworia,
599 929 630 982 id
659 934 695 982 eat
716 924 902 997 arietariam.)
946 925 975 982 Si
1001 927 1064 998 quis
1083 925 1185 983 mulier
1204 925 1237 982 li·
1275 925 1312 998 ,μ’

176 1024 244 1080 bere
265 1031 311 1080 aut
334 1025 443 1096 puellae
464 1023 494 1080 in
515 1024 588 1081 viam
609 1041 638 1080 se
661 1024 868 1096 anteposuerit,
897 1030 944 1081 aut
965 1024 1087 1097 aliquam
1107 1023 1236 1096 iujuriam
1267 1021 1301 1056 ὦ

175 1122 310 1190 intolerit‚
330 1122 520 1192 noningentas
540 1123 646 1193 solides
667 1130 818 1195 conponat,
842 1123 1020 1179 medietatem
1037 1122 1107 1194 regi,
1131 1128 1159 1178 et
1178 1139 1237 1178 me-

176 1219 308 1276 dietatem
333 1220 376 1277 cui
405 1220 464 1293 ipsa
495 1220 595 1293 iniuria
624 1220 708 1278 inlata
740 1221 837 1288 luerit,
871 1229 917 1280 aut
945 1221 980 1278 ad
1001 1237 1085 1294 quem
1106 1219 1237 1277 mundius
1275 1225 1313 1253 Μ

175 1318 211 1374 de
233 1335 294 1374 eam
316 1318 496 1390 pertenderit.

195 1468 197 1474 ,
256 1417 313 1472 π.
356 1416 384 1472 Si
407 1415 469 1490 quis
490 1415 597 1473 homini
618 1415 706 1472 libero
724 1414 794 1471 viam
813 1414 997 1485 antesteterit,
1019 1414 1116 1485 viginti
1131 1414 1238 1485 aalidqs
1256 1418 1288 1454 ⁴²

176 1513 201 1569 ei
223 1521 379 1586 conponat,
413 1513 452 1570 sic
481 1521 573 1570 lamen
604 1523 634 1570 ut
654 1514 775 1587 aliquam
797 1512 932 1570 lesionem
959 1512 988 1569 in
1017 1527 1129 1570 carnem
1150 1512 1236 1584 ipsius

177 1627 233 1668 non
255 1611 354 1677 laciat3
383 1629 446 1668 nam
468 1613 489 1668 si
513 1612 624 1682 lecerit,
658 1620 684 1667 et
706 1611 809 1682 vigenti
829 1612 934 1668 solidos
961 1627 1010 1683 pro
1034 1611 1068 1666 e'o
1091 1609 1165 1682 quod
1187 1627 1236 1665 an·
1252 1616 1281 1641 ⁶⁴

174 1709 276 1766 testetit
296 1716 455 1782 conponat,
493 1720 520 1766 et
541 1711 634 1768 feritas
656 1717 702 1765 aut
722 1711 817 1782 plagas
838 1709 860 1765 si
883 1709 978 1766 lecerit
998 1708 1068 1765 sicut
1089 1708 1185 1763 subter
1206 1707 1234 1763 iu

176 1806 229 1864 hoe
250 1807 351 1867 Edictu
373 1807 513 1865 adnexum
534 1818 576 1864 est
596 1815 748 1881 conponat.

255 1905 317 1961 βῆ.
360 1903 389 1960 Si
412 1905 474 1978 quis
495 1922 603 1962 servum
625 1905 748 1962 alienum
770 1913 817 1962 aut
837 1904 967 1961 ancillam
995 1919 1042 1960 seu
1064 1902 1170 1960 aldium
1190 1908 1238 1958 aut

174 2001 305 2059 libertum
327 2002 397 2060 viam
415 2004 595 2073 antesteterit‚
619 2003 722 2074 rigenti
741 2003 845 2061 solidos
856 2002 1001 2059 dominum
1016 2001 1075 2073 ejus
1086 2006 1235 2072 conponat.

255 2101 319 2157 99.
362 2099 392 2156 Si
420 2101 484 2172 quis
503 2117 621 2158 messem
649 2117 727 2157 stram
749 2109 795 2158 aut
816 2107 924 2173 pratum
950 2116 999 2156 seu
1019 2099 1141 2172 qualeait
1162 2099 1236 2154 clau-
1265 2111 1278 2146 s

174 2213 236 2254 sura
259 2197 425 2256 vindicanda
444 2198 552 2254 homini
575 2198 764 2271 prohibuerit,
797 2199 827 2253 id
858 2206 899 2254 est
919 2197 1090 2254 antesteterit
1118 2204 1150 2251 ut
1177 2212 1233 2251 nun

172 2295 355 2365 ingrediatur,
379 2312 436 2352 nan
458 2295 492 2352 sit
507 2296 656 2368 culparetis
677 2296 747 2353 sieut
768 2297 814 2352 ille
837 2295 883 2369 qui
899 2293 1043 2352 hominem
1065 2293 1236 2365 sempliciter
1302 2369 1304 2378 ,
1398 2309 1400 2316 ·

174 2392 247 2450 viam
268 2394 456 2450 ambulantem
471 2393 653 2462 antesteterit‚
676 2411 710 2450 eo
732 2394 808 2466 quod
831 2393 954 2450 laborem
976 2399 1058 2450 suunt
1078 2392 1234 2450 vindicavit.

255 2493 320 2549 8⁰·
355 2490 404 2563 (De
424 2491 638 2564 muralworfin.)
683 2492 711 2548 Si
739 2493 800 2564 quis
827 2491 969 2548 hominem
991 2491 1110 2548 liberum
1136 2490 1170 2546 de
1191 2491 1271 2546 ea-C

174 2590 245 2646 vallo
261 2589 288 2645 in
306 2596 378 2646 terra
395 2589 538 2663 jactaverit
558 2606 608 2664 per
622 2591 765 2664 quodlevit
779 2590 925 2661 ingenium
945 2587 1043 2661 iniquo
1061 2587 1166 2657 anima,
1190 2603 1235 2643 uc·

173 2693 302 2758 magenta
323 2687 429 2745 salidus
454 2689 479 2744 ei
502 2695 663 2761 conponam
687 2696 714 2746 et
734 2690 758 2746 si
779 2689 901 2762 aliquam
923 2686 1057 2744 lesionem
1079 2685 1104 2742 ei
1127 2657 1279 2754 lacerati

173 2788 244 2842 sicut
264 2784 293 2840 in
315 2767 518 2842 hoc'Edictum
539 2787 680 2842 adnexum
702 2795 743 2845 est
763 2788 788 2844 ei
810 2793 960 2859 conponat.

252 2881 385 2962 Mastia
404 2885 594 2958 wulapaatao.)
639 2885 668 2941 Si
697 2885 759 2957 quis
786 2885 894 2942 homini
916 2885 1005 2941 libero
1033 2879 1164 2941 violentia
1192 2870 1278 2935 ιιι-ι’

170 2980 242 3052 juste
264 2980 379 3050 lecerit,
409 2981 437 3038 id
459 2989 500 3038 est
520 2983 711 3054 walapautzu,
735 2991 883 3054 octngenta
905 2983 1010 3039 solidos
1031 2981 1056 3037 ei
1079 2983 1231 3051 conponat.

173 3079 335 3150 Walapautz
356 3085 407 3148 est,
430 3079 479 3153 qui
499 3097 528 3136 se
550 3080 644 3138 lurtim
662 3081 856 3138 vestimentum
877 3081 962 3137 alium
980 3077 1113 3140 induerit,
1135 3083 1183 3134 aut
1203 3092 1233 3131 se
1251 3067 1285 3115 a!
1371 3071 1375 3078 '

173 3183 255 3249 caput
275 3176 459 3234 latrocinandi
483 3178 576 3234 auimo
598 3187 645 3236 aut
667 3179 766 3235 taciem
787 3179 1031 3250 transfiguraverit.
1230 3209 1232 3217 ν
1263 3141 1290 3198 ⁴⁶
1326 3139 1348 3190 L

252 3275 313 3331 88.
337 3274 499 3348 (Domata.)
542 3278 584 3332 lle
612 3277 725 3334 homine
747 3277 856 3345 libero,
890 3277 913 3332 si
942 3283 1023 3334 noete
1046 3275 1075 3331 in
1096 3278 1173 3331 eurte
1194 3272 1233 3328 al·
1260 3275 1289 3304 *ἰ

172 3370 259 3426 terius
278 3371 406 3429 inventus
428 3373 510 3429 luerit
531 3381 559 3429 et
580 3391 636 3430 nou
659 3376 729 3431 dans
750 3391 848 3431 manus
869 3375 999 3446 legandi,
1031 3381 1058 3430 et
1084 3371 1231 3442 occiditur,

172 3487 188 3526 a
208 3469 369 3542 parentibus
389 3487 446 3527 non
467 3472 634 3544 requiratur.
676 3474 713 3530 Et
733 3473 755 3529 si
777 3489 876 3529 manus
893 3473 1002 3530 dederit
1019 3473 1053 3529 ad
1069 3469 1230 3542 legandum,

172 3568 326 3638 allegatus
347 3568 448 3638 luerit,
483 3569 523 3626 dit
544 3587 595 3643 pro
623 3588 653 3628 se
682 3579 830 3642 octngenta
850 3571 975 3628 solidas:
998 3571 1063 3644 quia
1086 3585 1142 3625 nan
1164 3559 1273 3623 aun<

1345 900 1371 933 W

171 3659 246 3722 veuit
266 3665 378 3738 rationi,
400 3674 430 3723 ut
450 3667 535 3726 homo
553 3669 642 3725 noetis
661 3676 786 3742 tempure
807 3671 836 3726 in
858 3678 964 3727 curtem
983 3670 1103 3726 alienam
1119 3668 1231 3726 silentio

171 3769 217 3820 aut
247 3763 383 3821 absconse
413 3764 588 3837 ingreditur;
620 3767 669 3823 sed
695 3767 718 3824 si
747 3784 922 3841 quacumque
955 3767 1102 3825 utilitatem
1134 3766 1227 3832 hahet,

171 3860 332 3935 priusquam
352 3863 436 3919 intret
456 3865 563 3922 clamet

251 3961 311 4018 88.
355 3961 385 4016 Si
406 3977 499 4020 servus
527 3963 556 4017 in
577 3970 683 4020 curtem
711 3964 802 4021 aliena
831 3965 920 4020 noetis
948 3970 1074 4037 ternpore
1103 3963 1231 4022 inventus

171 4057 270 4129 luerit,
306 4066 334 4116 et
355 4075 411 4116 non
430 4061 500 4118 dens
520 4078 618 4118 manus
640 4062 850 4134 adligandum,
874 4062 896 4118 si
918 4061 1071 4131 occiditur,
1104 4079 1160 4119 non
1188 4080 1230 4119 re·

171 4155 297 4230 quiratur
317 4173 332 4212 a
354 4157 489 4224 domin03
514 4166 542 4216 et
561 4160 583 4216 si
605 4177 703 4218 manus
724 4159 833 4218 dederit
852 4167 881 4216 et
900 4161 1006 4231 legatus
1027 4160 1119 4227 luerit,
1142 4161 1229 4219 libere

170 4270 199 4310 se
221 4271 284 4312 aum
306 4255 495 4327 quadragenta
515 4257 628 4316 solides.

248 4353 311 4412 u·
354 4353 384 4409 Si
407 4355 470 4426 quis
490 4355 520 4412 in
542 4363 646 4414 curtem
668 4355 781 4414 alterius
803 4357 872 4414 irato
887 4357 982 4416 anima
999 4357 1166 4428 sagittaverit
1183 4364 1230 4416 aut

1240 3835 1260 3874 Ε

173 4451 262 4510 lancia
280 4453 438 4527 iactaverit,
467 4462 515 4512 aut
533 4455 569 4514 de
589 4455 657 4514 luris
677 4472 773 4529 sepem
798 4457 884 4514 alium
904 4455 1056 4530 plagaverit
1075 4455 1148 4514 intra
1168 4473 1229 4516 eur·
