3208 5222
382 505 424 571 32
776 526 930 573 aornmrs
954 527 1046 573 naurs

380 687 409 736 et
428 684 542 753 propter
554 677 626 735 laida
643 678 713 734 alios
733 697 787 744 ¹13
809 681 843 736 de
864 679 1010 736 mundium
1031 686 1123 736 autem
1138 679 1258 752 qualiter
1277 668 1444 738 convenerit

381 785 408 834 et
430 779 473 835 lex
495 777 584 848 havet,
608 777 647 832 sio
668 783 761 831 tamen
782 777 805 833 si
827 778 909 834 ambo
931 777 1012 835 liberi
1033 785 1107 833 sunt.
1209 815 1210 820 κ

459 879 542 935 815.
564 875 616 950 (De
636 884 763 947 spolaeto
782 874 913 950 morton.)
955 877 985 932 Si
1013 877 1075 950 quis
1107 877 1227 949 puellam
1255 885 1302 934 aut
1322 878 1442 934 roduam

343 959 345 964 ’
380 983 538 1049 sponsatam
559 975 705 1044 habuerit,
738 982 767 1032 et
786 976 940 1044 contegerit
961 991 1038 1032 casus
1067 981 1096 1032 ut
1116 975 1175 1048 ipsa
1203 981 1284 1032 antea
1304 975 1442 1032 moriatur

380 1088 463 1147 quam
493 1091 508 1130 a
531 1079 606 1145 patre
637 1081 683 1129 aut
712 1073 760 1146 qui
791 1073 937 1129 mundium
968 1075 1027 1146 ejus
1048 1079 1214 1146 potestatem
1239 1072 1318 1131 habit
1338 1074 1440 1131 tradita

379 1161 478 1241 fuissit,
502 1177 677 1241 trinomen,
701 1187 772 1243 quae
794 1171 856 1227 data
878 1171 965 1227 suerat
986 1173 1020 1228 ab
1041 1171 1090 1226 illo
1111 1187 1234 1243 sponso,
1259 1171 1392 1228 reddatur
1412 1171 1440 1227 ei

379 1274 484 1351 tantum
506 1275 639 1341 quantum
659 1269 689 1324 in
711 1269 769 1341 ipsa
790 1275 863 1324 meta
885 1269 979 1332 dedita
1003 1284 1066 1324 nam
1085 1269 1152 1324 alias
1167 1285 1211 1326 res
1229 1266 1303 1326 illius
1320 1269 1365 1339 sit,
1390 1269 1440 1342 qui

378 1367 524 1423 mundium
554 1368 612 1440 ejus
637 1365 671 1423 in
688 1373 852 1440 potestatem
874 1366 976 1422 babere
998 1366 1122 1436 ridetur,
1146 1384 1179 1423 eo
1202 1367 1278 1441 quod
1299 1369 1362 1424 ante
1384 1373 1441 1424 tra-

378 1465 484 1522 ditione
507 1472 614 1534 mortqa
636 1471 685 1523 est.

459 1567 545 1622 816.
568 1563 611 1637 (Si
631 1567 722 1620 aldios
742 1581 854 1620 aaaron
874 1564 959 1619 libera
979 1559 1088 1637 roton)
1120 1563 1150 1618 Si
1171 1563 1261 1620 aldins
1282 1565 1440 1638 cujuscum-

378 1680 432 1736 que
453 1663 542 1721 libera
562 1679 678 1719 oxorem
699 1661 809 1726 tolerit,
844 1661 872 1716 id
894 1668 935 1717 est
955 1661 1083 1730 lullreal,
1114 1668 1142 1716 et
1168 1663 1315 1718 mundium
1341 1663 1377 1719 de
1405 1680 1440 1718 ea

378 1761 493 1826 lecerit,
517 1766 563 1827 et,
595 1767 776 1833 posteaquam
797 1759 870 1815 lilius
892 1759 1030 1827 habuerit,
1054 1759 1167 1815 maritus
1189 1765 1314 1816 mortuos
1333 1761 1435 1816 suerit:

378 1860 400 1916 si
422 1843 571 1916 muller'in
598 1859 658 1930 ipsa
685 1873 747 1914 casa
769 1856 890 1913 noluerit
911 1872 1092 1931 permanere,¹
1119 1863 1149 1914 et
1169 1863 1299 1930 parentes
1320 1875 1381 1914 earn
1402 1860 1438 1916 ad

368 1975 405 2014 se
426 1959 595 2028 recollegere
616 1957 780 2023 noluerent,
815 1955 934 2012 reddant
964 1955 1100 2026 praetium
1129 1956 1206 2027 qnod
1237 1970 1288 2028 pro
1318 1957 1436 2013 mundio

295 2085 298 2087 ·
376 2055 463 2130 ipsius
479 2055 604 2112 mulieris
625 2054 718 2110 datum
740 2060 781 2109 est
802 2053 856 2109 illis
876 2053 976 2125 quibus
996 2052 1085 2109 aldins
1101 2053 1152 2108 fuit
1171 2057 1199 2108 et
1215 2054 1362 2110 mundium
1377 2055 1437 2127 ejus

377 2154 459 2219 leoit3
482 2159 548 2209 tone
569 2153 616 2209 illa
636 2153 742 2224 absque
759 2152 922 2223 morgincap
944 2157 990 2207 aut
1003 2150 1103 2223 aliquit
1122 2151 1157 2206 de
1178 2151 1260 2208 rebus
1281 2152 1372 2209 mariti
1394 2169 1439 2208 re·

375 2258 496 2308 vertatur
525 2251 578 2308 sibi
610 2251 645 2306 ad
675 2258 804 2322 parentes
835 2266 898 2307 suos
929 2266 991 2305 eum
1017 2247 1100 2306 rebus
1121 2251 1194 2314 suis,
1227 2249 1249 2305 si
1274 2250 1381 2324 aliquid
1400 2252 1437 2306 de

376 2356 504 2423 parentes
517 2349 639 2407 adduxit.
662 2347 740 2404 Etsi
763 2348 812 2405 filii
834 2349 869 2404 de
892 2347 950 2419 ipsa
971 2347 1086 2403 muliere
1099 2347 1217 2418 luerent,
1241 2353 1270 2406 et
1289 2349 1438 2405 noluerent

374 2449 403 2504 in
425 2464 488 2504 casa
508 2447 593 2520 patris
614 2447 722 2513 sedere,
744 2463 788 2502 res
810 2453 937 2517 paternas
957 2445 1123 2514 demittant,
1147 2453 1175 2502 et
1194 2446 1311 2502 mundio
1332 2449 1384 2518 pro
1405 2463 1435 2502 se

374 2547 493 2602 reddant
522 2550 658 2617 quantum
679 2561 729 2617 pro
750 2550 867 2600 matrem
888 2558 985 2600 eorum
1006 2543 1100 2600 datum
1121 2550 1179 2614 est,
1211 2550 1238 2600 et
1258 2545 1360 2600 vadant
1380 2545 1435 2601 sibi

373 2644 421 2700 ubi
442 2645 587 2699 noluerent
606 2642 696 2701 liberi.

420 2817 422 2820 .
455 2743 533 2799 m.
555 2738 607 2815 (De
634 2743 710 2797 aldio
740 2743 787 2812 qui
816 2757 921 2795 amnem
946 2741 1033 2796 tolen't
1057 2737 1196 2810 maritos.)
1238 2739 1267 2797 si
1294 2741 1367 2796 aldia
1388 2747 1437 2797 aut

376 2839 477 2896 liberta
497 2839 526 2896 in
546 2856 637 2896 casam
649 2840 770 2896 alienam
792 2838 825 2893 ad
842 2837 972 2893 maritum
988 2837 1132 2892 intraverit
1152 2844 1179 2894 et
1197 2853 1307 2895 servum
1328 2839 1431 2909 tolerit‚

374 2937 530 2996 libertatem
551 2954 629 2994 suam
650 2937 763 2995 amittat.
788 2935 824 2993 Et
841 2935 872 2990 si*
886 2934 1015 2990 dominus
1038 2933 1188 2991 neclexerit
1207 2952 1269 2991 eam
1290 2938 1434 3010 replegare

375 3036 410 3092 ad
426 3036 578 3106 servitium,
601 3042 711 3092 mortuo
733 3040 825 3090 tamen
841 3033 981 3096 maritum,
1005 3033 1085 3088 vadat
1106 3033 1159 3090 sibi
1181 3050 1263 3090 unam
1285 3052 1346 3092 curn
1369 3035 1433 3092 tiliis

373 3134 440 3204 suis,
464 3141 493 3190 et
512 3151 574 3191 eum
596 3150 693 3190 omnes
714 3149 758 3189 res
779 3130 946 3204 quantas-in
968 3136 1092 3202 tempore
1114 3132 1226 3204 quando
1246 3133 1282 3189 ad
1302 3133 1433 3190 maritum

374 3233 485 3288 intravit
505 3241 599 3288 seeum
620 3231 754 3299 adduxit,
784 3229 987 3300 nam‘ampli'us
1009 3229 1086 3284 nulla
1105 3236 1306 3301 consequatur3
1336 3232 1433 3288 vitium

374 3345 454 3386 suum
475 3329 586 3401 repotit,
610 3331 657 3402 qni
680 3344 788 3384 servum
810 3327 958 3385 consensit.
1246 3405 1249 3408 Ι

454 3431 538 3486 818.
561 3427 604 3497 (St
624 3427 714 3482 aldina
734 3427 838 3482 aldium
858 3442 967 3482 onorem
988 3422 1095 3497 toton.)
1117 3423 1147 3478 Si
1168 3423 1257 3480 aldius
1278 3425 1433 3498 cujuscum-

374 3543 428 3600 que
449 3526 552 3582 aldiam
573 3531 620 3582 aut
639 3524 767 3581 libertam
788 3524 882 3580 tolerit
902 3539 1032 3592 onorem,
1065 3528 1093 3577 et
1119 3521 1192 3576 filius
1212 3539 1247 3577 ex
1274 3524 1335 3596 ipso
1357 3525 1434 3582 coito

373 3621 531 3693 habuerint,
555 3630 632 3697 pater
652 3629 818 3696 sequantur,
843 3622 898 3678 sint
918 3619 984 3677 aldii
1006 3619 1095 3692 qualis
1117 3627 1144 3674 et
1165 3626 1250 3692 pater.
1370 3623 1371 3626 ’

422 3747 426 3751 ·
453 3707 538 3780 alu.
580 3722 610 3779 Si
631 3721 720 3778 aldius
742 3721 870 3776 ancillam
891 3733 968 3775 suam
989 3724 1037 3774 aut
1056 3717 1168 3773 alteritis
1190 3721 1285 3776 tolerit
1306 3721 1341 3776 ad
1364 3738 1432 3777 oxo-

372 3839 441 3894 rem,
465 3822 516 3878 filii
537 3821 586 3895 qui
608 3837 642 3876 ex
670 3837 702 3876 ea
724 3825 874 3874 nascuntur
895 3818 951 3873 sint
970 3817 1040 3873 servi
1062 3817 1139 3888 cujus
1164 3824 1192 3873 et
1212 3825 1299 3876 mater
1319 3821 1431 3878 ancilla.

453 3924 543 3979 880.
571 3919 601 3976 Si
622 3918 723 3976 ancilla
739 3917 935 3990 cujuscumque
957 3916 985 3972 in
1008 3931 1098 3972 casam
1117 3916 1229 3972 alterius
1250 3917 1284 3974 ad
1301 3917 1432 3975 maritum

372 4019 514 4077 intraverit
544 4024 571 4076 et
600 4035 707 4074 servum
734 4015 847 4084 tolerit,
888 4013 957 4070 nihil
979 4015 1014 4071 de
1035 4014 1095 4086 ipsa
1116 4029 1178 4070 casa
1199 4018 1298 4073 marito
1320 4023 1432 4074 mortuo

367 4124 588 4190 consequantur,
611 4116 665 4172 nisi
686 4095 820 4189 quantum
841 4128 934 4170 secum
955 4113 1077 4169 adduxit.

380 4231 381 4234 ’
452 4218 533 4272 881.
575 4214 617 4272 si·
636 4231 729 4270 servus
750 4213 838 4269 libera
858 4212 1005 4291 mulierem
1026 4217 1073 4266 aut
1098 4212 1221 4284 puellam
1243 4219 1327 4268 tusus
1348 4212 1434 4269 luerit

370 4314 423 4372 sibi
445 4314 474 4370 in
497 4313 627 4386 conjugio
648 4311 765 4380 sociare,
790 4309 882 4367 anime
898 4327 969 4367 *suae
991 4309 1115 4366 incurrat
1136 4311 1303 4383 periculum,
1334 4318 1369 4367 et.
1383 4311 1433 4368 illa

372 4413 420 4485 qui
442 4427 551 4468 servum
571 4411 656 4467 su'erit
683 4410 859 4466 consentiens
888 4408 1008 4465 babeant
1034 4414 1161 4479 parentes
1182 4413 1346 4481 potestatem
1368 4427 1432 4466 eam

267 4576 269 4578 ¹
358 4507 517 4567 'occidendi
538 4514 587 4564 aut
606 4507 673 4565 loris
694 4507 837 4581 provincia
857 4505 1091 4578 transvendendi,
1120 4513 1148 4563 et
1175 4507 1210 4562 de
1231 4507 1314 4563 rebus
1341 4507 1433 4580 ipsius
