<?xml version="1.0" encoding="UTF-8"?>
<!DOCTYPE html PUBLIC "-//W3C//DTD XHTML 1.0 Transitional//EN"
    "http://www.w3.org/TR/xhtml1/DTD/xhtml1-transitional.dtd">
<html xmlns="http://www.w3.org/1999/xhtml" xml:lang="en" lang="en">
 <head>
  <title>
</title>
<meta http-equiv="Content-Type" content="text/html;charset=utf-8" />
  <meta name='ocr-system' content='tesseract 3.04.00' />
  <meta name='ocr-capabilities' content='ocr_page ocr_carea ocr_par ocr_line ocrx_word'/>
</head>
<body>
  <div class='ocr_page' id='page_1' title='image "./edictaregumlang01neiggoog_0168.png"; bbox 0 0 3198 5222; ppageno 0'>
   <div class='ocr_carea' id='block_1_1' title="bbox 1129 529 1187 590">
    <p class='ocr_par' dir='ltr' id='par_1_1' title="bbox 1129 529 1187 590">
     <span class='ocr_line' id='line_1_1' title="bbox 1129 529 1187 590; baseline -0.017 0"><span class='ocrx_word' id='word_1_1' title='bbox 1129 529 1187 590; x_wconf 78' lang='lat' dir='ltr'><strong>itt</strong></span> 
     </span>
    </p>
   </div>
   <div class='ocr_carea' id='block_1_2' title="bbox 165 697 1271 4006">
    <p class='ocr_par' dir='ltr' id='par_1_2' title="bbox 271 697 1188 1257">
     <span class='ocr_line' id='line_1_2' title="bbox 271 697 446 737; baseline -0.011 0"><span class='ocrx_word' id='word_1_2' title='bbox 271 709 320 737; x_wconf 82' lang='lat' dir='ltr'><strong>verr.</strong></span> <span class='ocrx_word' id='word_1_3' title='bbox 344 697 446 736; x_wconf 74' lang='lat' dir='ltr'><strong>advocent</strong></span> 
     </span>
     <span class='ocr_line' id='line_1_3' title="bbox 361 783 1187 861; baseline 0.006 -20"><span class='ocrx_word' id='word_1_4' title='bbox 361 784 410 857; x_wconf 79' lang='lat' dir='ltr'><strong>(L.</strong></span> <span class='ocrx_word' id='word_1_5' title='bbox 432 784 498 851; x_wconf 79' lang='lat' dir='ltr'><strong><em>XII,</em></strong></span> <span class='ocrx_word' id='word_1_6' title='bbox 530 783 600 856; x_wconf 79' lang='grc'><strong>1-3);</strong></span> <span class='ocrx_word' id='word_1_7' title='bbox 633 785 700 842; x_wconf 89' lang='lat' dir='ltr'><strong>dicit</strong></span> <span class='ocrx_word' id='word_1_8' title='bbox 728 791 758 842; x_wconf 93' lang='lat' dir='ltr'><strong>ut</strong></span> <span class='ocrx_word' id='word_1_9' title='bbox 792 801 862 858; x_wconf 87' lang='lat' dir='ltr'><strong>puer</strong></span> <span class='ocrx_word' id='word_1_10' title='bbox 894 786 969 858; x_wconf 80' lang='lat' dir='ltr'><strong>posit</strong></span> <span class='ocrx_word' id='word_1_11' title='bbox 995 789 1127 861; x_wconf 59' lang='lat' dir='ltr'><strong>&#39;copulare</strong></span> <span class='ocrx_word' id='word_1_12' title='bbox 1158 790 1187 846; x_wconf 92' lang='lat' dir='ltr'><strong>iu</strong></span> 
     </span>
     <span class='ocr_line' id='line_1_4' title="bbox 363 884 1188 957; baseline 0.005 -16"><span class='ocrx_word' id='word_1_13' title='bbox 363 884 543 956; x_wconf 81' lang='lat' dir='ltr'><strong>conjungium</strong></span> <span class='ocrx_word' id='word_1_14' title='bbox 564 884 665 944; x_wconf 81' lang='lat' dir='ltr'><strong>semina</strong></span> <span class='ocrx_word' id='word_1_15' title='bbox 688 891 837 956; x_wconf 76' lang='lat' dir='ltr'><strong>antequam</strong></span> <span class='ocrx_word' id='word_1_16' title='bbox 863 885 922 957; x_wconf 92' lang='lat' dir='ltr'><strong>ipse</strong></span> <span class='ocrx_word' id='word_1_17' title='bbox 943 902 1013 957; x_wconf 91' lang='lat' dir='ltr'><strong>puer</strong></span> <span class='ocrx_word' id='word_1_18' title='bbox 1032 894 1097 943; x_wconf 86' lang='lat' dir='ltr'><strong>ante</strong></span> <span class='ocrx_word' id='word_1_19' title='bbox 1120 905 1188 944; x_wconf 89' lang='lat' dir='ltr'><strong>cou-</strong></span> 
     </span>
     <span class='ocr_line' id='line_1_5' title="bbox 359 983 1187 1059; baseline 0.005 -21"><span class='ocrx_word' id='word_1_20' title='bbox 359 983 421 1055; x_wconf 85' lang='lat' dir='ltr'><strong>piea</strong></span> <span class='ocrx_word' id='word_1_21' title='bbox 441 999 492 1038; x_wconf 80' lang='lat' dir='ltr'><strong>rur</strong></span> <span class='ocrx_word' id='word_1_22' title='bbox 514 998 603 1038; x_wconf 90' lang='lat' dir='ltr'><strong>annos</strong></span> <span class='ocrx_word' id='word_1_23' title='bbox 623 983 646 1039; x_wconf 88' lang='lat' dir='ltr'><strong>si</strong></span> <span class='ocrx_word' id='word_1_24' title='bbox 664 989 743 1055; x_wconf 88' lang='lat' dir='ltr'><strong>pater</strong></span> <span class='ocrx_word' id='word_1_25' title='bbox 753 983 788 1040; x_wconf 87' lang='lat' dir='ltr'><strong>ad</strong></span> <span class='ocrx_word' id='word_1_26' title='bbox 799 999 864 1039; x_wconf 87' lang='lat' dir='ltr'><strong>avus</strong></span> <span class='ocrx_word' id='word_1_27' title='bbox 887 983 992 1055; x_wconf 80' lang='lat' dir='ltr'><strong>(setedo</strong></span> <span class='ocrx_word' id='word_1_28' title='bbox 1008 993 1055 1040; x_wconf 91' lang='lat' dir='ltr'><strong>aut</strong></span> <span class='ocrx_word' id='word_1_29' title='bbox 1071 986 1187 1059; x_wconf 88' lang='lat' dir='ltr'><strong>adavus)</strong></span> 
     </span>
     <span class='ocr_line' id='line_1_6' title="bbox 359 1081 1187 1153; baseline 0.007 -17"><span class='ocrx_word' id='word_1_30' title='bbox 359 1081 417 1153; x_wconf 82' lang='lat' dir='ltr'><strong>ejus</strong></span> <span class='ocrx_word' id='word_1_31' title='bbox 439 1081 608 1139; x_wconf 86' lang='lat' dir='ltr'><strong>consenseri.</strong></span> <span class='ocrx_word' id='word_1_32' title='bbox 641 1081 690 1138; x_wconf 89' lang='lat' dir='ltr'><strong>Set</strong></span> <span class='ocrx_word' id='word_1_33' title='bbox 718 1083 784 1139; x_wconf 86' lang='lat' dir='ltr'><strong>istas</strong></span> <span class='ocrx_word' id='word_1_34' title='bbox 806 1083 962 1143; x_wconf 81' lang='lat' dir='ltr'><strong>sentencias</strong></span> <span class='ocrx_word' id='word_1_35' title='bbox 993 1085 1074 1140; x_wconf 88' lang='lat' dir='ltr'><strong>ambe</strong></span> <span class='ocrx_word' id='word_1_36' title='bbox 1103 1102 1187 1142; x_wconf 88' lang='lat' dir='ltr'><strong>vacua</strong></span> 
     </span>
     <span class='ocr_line' id='line_1_7' title="bbox 361 1180 1188 1257; baseline 0.005 -21"><span class='ocrx_word' id='word_1_37' title='bbox 361 1187 424 1236; x_wconf 90' lang='lat' dir='ltr'><strong>sunt</strong></span> <span class='ocrx_word' id='word_1_38' title='bbox 440 1180 514 1252; x_wconf 78' lang='lat' dir='ltr'><strong>iusta</strong></span> <span class='ocrx_word' id='word_1_39' title='bbox 536 1196 597 1252; x_wconf 89' lang='lat' dir='ltr'><strong>cap.</strong></span> <span class='ocrx_word' id='word_1_40' title='bbox 621 1181 738 1256; x_wconf 83' lang='lat' dir='ltr'><strong>Karioni</strong></span> <span class='ocrx_word' id='word_1_41' title='bbox 766 1188 793 1238; x_wconf 91' lang='lat' dir='ltr'><strong>et</strong></span> <span class='ocrx_word' id='word_1_42' title='bbox 813 1181 927 1238; x_wconf 82' lang='lat' dir='ltr'><strong>inicitur</strong></span> <span class='ocrx_word' id='word_1_43' title='bbox 947 1181 1003 1237; x_wconf 84' lang='lat' dir='ltr'><strong>sio:</strong></span> <span class='ocrx_word' id='word_1_44' title='bbox 1041 1183 1105 1238; x_wconf 87' lang='lat' dir='ltr'><strong>iiiut</strong></span> <span class='ocrx_word' id='word_1_45' title='bbox 1126 1200 1188 1257; x_wconf 85' lang='lat' dir='ltr'><strong>pre-</strong></span> 
     </span>
    </p>

    <p class='ocr_par' dir='ltr' id='par_1_3' title="bbox 266 1278 1188 2138">
     <span class='ocr_line' id='line_1_8' title="bbox 266 1278 1187 1344; baseline 0.003 -9"><span class='ocrx_word' id='word_1_46' title='bbox 266 1299 273 1324; x_wconf 87' lang='lat'><strong>·</strong></span> <span class='ocrx_word' id='word_1_47' title='bbox 361 1278 438 1335; x_wconf 90' lang='lat' dir='ltr'><strong>teria.</strong></span> <span class='ocrx_word' id='word_1_48' title='bbox 463 1280 587 1335; x_wconf 84' lang='lat' dir='ltr'><strong>secundo</strong></span> <span class='ocrx_word' id='word_1_49' title='bbox 609 1285 636 1334; x_wconf 86' lang='lat' dir='ltr'><strong>et</strong></span> <span class='ocrx_word' id='word_1_50' title='bbox 657 1279 789 1344; x_wconf 88' lang='lat' dir='ltr'><strong>lodoicit‚</strong></span> <span class='ocrx_word' id='word_1_51' title='bbox 814 1286 842 1335; x_wconf 90' lang='lat' dir='ltr'><strong>et</strong></span> <span class='ocrx_word' id='word_1_52' title='bbox 862 1279 976 1335; x_wconf 85' lang='lat' dir='ltr'><strong>inicitur</strong></span> <span class='ocrx_word' id='word_1_53' title='bbox 997 1280 1055 1336; x_wconf 88' lang='lat' dir='ltr'><strong>sic:</strong></span> <span class='ocrx_word' id='word_1_54' title='bbox 1083 1281 1123 1338; x_wconf 90' lang='lat' dir='ltr'><strong>lta</strong></span> <span class='ocrx_word' id='word_1_55' title='bbox 1145 1281 1187 1338; x_wconf 92' lang='lat' dir='ltr'><strong>in·</strong></span> 
     </span>
     <span class='ocr_line' id='line_1_9' title="bbox 360 1376 1188 1452; baseline 0.006 -20"><span class='ocrx_word' id='word_1_56' title='bbox 360 1376 435 1434; x_wconf 88' lang='lat' dir='ltr'><strong>venti</strong></span> <span class='ocrx_word' id='word_1_57' title='bbox 456 1383 522 1432; x_wconf 90' lang='lat' dir='ltr'><strong>sunt</strong></span> <span class='ocrx_word' id='word_1_58' title='bbox 541 1378 650 1441; x_wconf 82' lang='lat' dir='ltr'><strong>multa3</strong></span> <span class='ocrx_word' id='word_1_59' title='bbox 681 1378 815 1450; x_wconf 89' lang='lat' dir='ltr'><strong>quoniam</strong></span> <span class='ocrx_word' id='word_1_60' title='bbox 837 1377 934 1434; x_wconf 90' lang='lat' dir='ltr'><strong>dieunt</strong></span> <span class='ocrx_word' id='word_1_61' title='bbox 954 1385 983 1433; x_wconf 88' lang='lat' dir='ltr'><strong>ut</strong></span> <span class='ocrx_word' id='word_1_62' title='bbox 1004 1380 1188 1452; x_wconf 82' lang='lat' dir='ltr'><strong>conjungium</strong></span> 
     </span>
     <span class='ocr_line' id='line_1_10' title="bbox 358 1473 1188 1550; baseline 0.002 -16"><span class='ocrx_word' id='word_1_63' title='bbox 358 1491 416 1534; x_wconf 86' lang='lat' dir='ltr'><strong>non</strong></span> <span class='ocrx_word' id='word_1_64' title='bbox 439 1480 537 1548; x_wconf 87' lang='lat' dir='ltr'><strong>potest</strong></span> <span class='ocrx_word' id='word_1_65' title='bbox 568 1473 674 1548; x_wconf 75' lang='lat' dir='ltr'><strong>(usurpo</strong></span> <span class='ocrx_word' id='word_1_66' title='bbox 702 1475 786 1548; x_wconf 87' lang='lat' dir='ltr'><strong>posit)</strong></span> <span class='ocrx_word' id='word_1_67' title='bbox 817 1476 878 1532; x_wconf 85' lang='lat' dir='ltr'><strong>fieri</strong></span> <span class='ocrx_word' id='word_1_68' title='bbox 909 1476 982 1533; x_wconf 88' lang='lat' dir='ltr'><strong>inter</strong></span> <span class='ocrx_word' id='word_1_69' title='bbox 1012 1495 1127 1550; x_wconf 88' lang='lat' dir='ltr'><strong>puerum</strong></span> <span class='ocrx_word' id='word_1_70' title='bbox 1160 1487 1188 1536; x_wconf 91' lang='lat' dir='ltr'><strong>et</strong></span> 
     </span>
     <span class='ocr_line' id='line_1_11' title="bbox 358 1573 1187 1650; baseline 0.005 -21"><span class='ocrx_word' id='word_1_71' title='bbox 358 1575 480 1647; x_wconf 89' lang='lat' dir='ltr'><strong>pueliam</strong></span> <span class='ocrx_word' id='word_1_72' title='bbox 497 1580 646 1646; x_wconf 85' lang='lat' dir='ltr'><strong>antequam</strong></span> <span class='ocrx_word' id='word_1_73' title='bbox 663 1574 746 1629; x_wconf 90' lang='lat' dir='ltr'><strong>ambo</strong></span> <span class='ocrx_word' id='word_1_74' title='bbox 761 1574 889 1646; x_wconf 86' lang='lat' dir='ltr'><strong>pervenit</strong></span> <span class='ocrx_word' id='word_1_75' title='bbox 904 1581 931 1630; x_wconf 93' lang='lat' dir='ltr'><strong>et</strong></span> <span class='ocrx_word' id='word_1_76' title='bbox 947 1575 1064 1646; x_wconf 86' lang='lat' dir='ltr'><strong>puberta</strong></span> <span class='ocrx_word' id='word_1_77' title='bbox 1081 1573 1187 1650; x_wconf 82' lang='lat' dir='ltr'><strong>(morpo</strong></span> 
     </span>
     <span class='ocr_line' id='line_1_12' title="bbox 359 1672 1187 1746; baseline 0.002 -18"><span class='ocrx_word' id='word_1_78' title='bbox 359 1680 428 1728; x_wconf 84' lang='lat' dir='ltr'><strong>recto</strong></span> <span class='ocrx_word' id='word_1_79' title='bbox 448 1672 646 1744; x_wconf 73' lang='lat' dir='ltr'><strong>perveniente</strong></span> <span class='ocrx_word' id='word_1_80' title='bbox 673 1672 834 1743; x_wconf 81' lang='lat' dir='ltr'><strong>pubertate,</strong></span> <span class='ocrx_word' id='word_1_81' title='bbox 867 1679 894 1728; x_wconf 87' lang='lat' dir='ltr'><strong>et</strong></span> <span class='ocrx_word' id='word_1_82' title='bbox 914 1672 1040 1746; x_wconf 78' lang='lat' dir='ltr'><strong>puberta)</strong></span> <span class='ocrx_word' id='word_1_83' title='bbox 1071 1673 1100 1728; x_wconf 91' lang='lat' dir='ltr'><strong>iu</strong></span> <span class='ocrx_word' id='word_1_84' title='bbox 1129 1689 1187 1730; x_wconf 91' lang='lat' dir='ltr'><strong>ma·</strong></span> 
     </span>
     <span class='ocr_line' id='line_1_13' title="bbox 357 1771 1185 1844; baseline 0.001 -16"><span class='ocrx_word' id='word_1_85' title='bbox 357 1771 441 1828; x_wconf 84' lang='lat' dir='ltr'><strong>seniis</strong></span> <span class='ocrx_word' id='word_1_86' title='bbox 465 1787 527 1828; x_wconf 86' lang='lat' dir='ltr'><strong>xuu</strong></span> <span class='ocrx_word' id='word_1_87' title='bbox 554 1787 643 1826; x_wconf 89' lang='lat' dir='ltr'><strong>anuos</strong></span> <span class='ocrx_word' id='word_1_88' title='bbox 670 1772 816 1844; x_wconf 88' lang='lat' dir='ltr'><strong>conpietos</strong></span> <span class='ocrx_word' id='word_1_89' title='bbox 837 1777 865 1826; x_wconf 87' lang='lat' dir='ltr'><strong>et</strong></span> <span class='ocrx_word' id='word_1_90' title='bbox 891 1771 1008 1828; x_wconf 80' lang='lat' dir='ltr'><strong>seminas</strong></span> <span class='ocrx_word' id='word_1_91' title='bbox 1035 1771 1185 1829; x_wconf 85' lang='lat' dir='ltr'><strong>duodecim</strong></span> 
     </span>
     <span class='ocr_line' id='line_1_14' title="bbox 358 1867 1186 1942; baseline 0.001 -17"><span class='ocrx_word' id='word_1_92' title='bbox 358 1885 446 1926; x_wconf 91' lang='lat' dir='ltr'><strong>annos</strong></span> <span class='ocrx_word' id='word_1_93' title='bbox 467 1871 627 1941; x_wconf 80' lang='lat' dir='ltr'><strong>conpletas,</strong></span> <span class='ocrx_word' id='word_1_94' title='bbox 647 1869 721 1940; x_wconf 82' lang='lat' dir='ltr'><strong>justa</strong></span> <span class='ocrx_word' id='word_1_95' title='bbox 742 1868 870 1925; x_wconf 86' lang='lat' dir='ltr'><strong>Instituta</strong></span> <span class='ocrx_word' id='word_1_96' title='bbox 893 1867 981 1942; x_wconf 83' lang='lat' dir='ltr'><strong>(idest</strong></span> <span class='ocrx_word' id='word_1_97' title='bbox 1000 1869 1186 1927; x_wconf 76' lang='lat' dir='ltr'><strong>lmtitutiones</strong></span> 
     </span>
     <span class='ocr_line' id='line_1_15' title="bbox 358 1965 1187 2040; baseline 0 -16"><span class='ocrx_word' id='word_1_98' title='bbox 358 1967 527 2032; x_wconf 65' lang='lat' dir='ltr'><strong>iustiniani,</strong></span> <span class='ocrx_word' id='word_1_99' title='bbox 560 1970 594 2024; x_wconf 85' lang='lat' dir='ltr'><strong>de</strong></span> <span class='ocrx_word' id='word_1_100' title='bbox 612 1967 740 2040; x_wconf 75' lang='lat' dir='ltr'><strong>Nuptiis,</strong></span> <span class='ocrx_word' id='word_1_101' title='bbox 769 1967 801 2034; x_wconf 84' lang='lat'><strong>1,</strong></span> <span class='ocrx_word' id='word_1_102' title='bbox 826 1965 878 2032; x_wconf 89' lang='lat'><strong>10,</strong></span> <span class='ocrx_word' id='word_1_103' title='bbox 903 1970 1003 2038; x_wconf 82' lang='lat' dir='ltr'><strong>prino..</strong></span> <span class='ocrx_word' id='word_1_104' title='bbox 1036 1975 1061 2024; x_wconf 86' lang='lat' dir='ltr'><strong>et</strong></span> <span class='ocrx_word' id='word_1_105' title='bbox 1082 1966 1187 2035; x_wconf 79' lang='lat' dir='ltr'><strong>Quibus</strong></span> 
     </span>
     <span class='ocr_line' id='line_1_16' title="bbox 357 2064 918 2138; baseline 0 -17"><span class='ocrx_word' id='word_1_106' title='bbox 357 2068 444 2121; x_wconf 83' lang='lat' dir='ltr'><strong>modis</strong></span> <span class='ocrx_word' id='word_1_107' title='bbox 464 2067 548 2122; x_wconf 85' lang='lat' dir='ltr'><strong>tutela</strong></span> <span class='ocrx_word' id='word_1_108' title='bbox 567 2068 672 2136; x_wconf 76' lang='lat' dir='ltr'><strong>finitur,</strong></span> <span class='ocrx_word' id='word_1_109' title='bbox 695 2064 721 2129; x_wconf 83' lang='lat'><strong>1,</strong></span> <span class='ocrx_word' id='word_1_110' title='bbox 744 2065 795 2130; x_wconf 82' lang='lat'><strong>22,</strong></span> <span class='ocrx_word' id='word_1_111' title='bbox 817 2066 918 2138; x_wconf 83' lang='lat' dir='ltr'><strong>princ.)</strong></span> 
     </span>
    </p>

    <p class='ocr_par' dir='ltr' id='par_1_4' title="bbox 165 2162 1188 2827">
     <span class='ocr_line' id='line_1_17' title="bbox 165 2162 1186 2238; baseline 0 -19"><span class='ocrx_word' id='word_1_112' title='bbox 165 2165 195 2226; x_wconf 85' lang='lat'><strong>8.</strong></span> <span class='ocrx_word' id='word_1_113' title='bbox 304 2193 306 2200; x_wconf 69' lang='lat'><em>,</em></span> <span class='ocrx_word' id='word_1_114' title='bbox 333 2163 417 2237; x_wconf 84' lang='lat' dir='ltr'><strong>(Haeo</strong></span> <span class='ocrx_word' id='word_1_115' title='bbox 437 2167 500 2221; x_wconf 83' lang='lat' dir='ltr'><strong>item</strong></span> <span class='ocrx_word' id='word_1_116' title='bbox 522 2167 562 2220; x_wconf 78' lang='lat' dir='ltr'><strong>bis</strong></span> <span class='ocrx_word' id='word_1_117' title='bbox 575 2163 700 2236; x_wconf 77' lang='lat' dir='ltr'><strong>scriptu.)</strong></span> <span class='ocrx_word' id='word_1_118' title='bbox 724 2162 897 2238; x_wconf 69' lang='lat' dir='ltr'><strong>iiiaeordare)</strong></span> <span class='ocrx_word' id='word_1_119' title='bbox 920 2163 1054 2236; x_wconf 88' lang='lat' dir='ltr'><strong>quoniam</strong></span> <span class='ocrx_word' id='word_1_120' title='bbox 1073 2163 1102 2218; x_wconf 91' lang='lat' dir='ltr'><strong>in</strong></span> <span class='ocrx_word' id='word_1_121' title='bbox 1124 2165 1186 2234; x_wconf 82' lang='lat' dir='ltr'><strong>iege</strong></span> 
     </span>
     <span class='ocr_line' id='line_1_18' title="bbox 359 2262 1186 2336; baseline 0.002 -19"><span class='ocrx_word' id='word_1_122' title='bbox 359 2278 415 2321; x_wconf 90' lang='lat' dir='ltr'><strong>uon</strong></span> <span class='ocrx_word' id='word_1_123' title='bbox 437 2262 525 2334; x_wconf 87' lang='lat' dir='ltr'><strong>apelia</strong></span> <span class='ocrx_word' id='word_1_124' title='bbox 543 2263 644 2320; x_wconf 80' lang='lat' dir='ltr'><strong>mulier</strong></span> <span class='ocrx_word' id='word_1_125' title='bbox 657 2264 813 2336; x_wconf 84' lang='lat' dir='ltr'><strong>propinqua</strong></span> <span class='ocrx_word' id='word_1_126' title='bbox 835 2269 987 2335; x_wconf 71' lang='lat' dir='ltr'><strong>parentent</strong></span> <span class='ocrx_word' id='word_1_127' title='bbox 1011 2264 1038 2318; x_wconf 89' lang='lat' dir='ltr'><strong>et</strong></span> <span class='ocrx_word' id='word_1_128' title='bbox 1054 2262 1107 2319; x_wconf 88' lang='lat' dir='ltr'><strong>alia</strong></span> <span class='ocrx_word' id='word_1_129' title='bbox 1124 2264 1186 2334; x_wconf 82' lang='lat' dir='ltr'><strong>lege</strong></span> 
     </span>
     <span class='ocr_line' id='line_1_19' title="bbox 360 2359 1188 2433; baseline 0 -17"><span class='ocrx_word' id='word_1_130' title='bbox 360 2377 415 2433; x_wconf 91' lang='lat' dir='ltr'><strong>que</strong></span> <span class='ocrx_word' id='word_1_131' title='bbox 440 2359 554 2417; x_wconf 88' lang='lat' dir='ltr'><strong>inicitur</strong></span> <span class='ocrx_word' id='word_1_132' title='bbox 583 2361 640 2417; x_wconf 87' lang='lat' dir='ltr'><strong>sic:</strong></span> <span class='ocrx_word' id='word_1_133' title='bbox 674 2360 703 2416; x_wconf 92' lang='lat' dir='ltr'><strong>Si</strong></span> <span class='ocrx_word' id='word_1_134' title='bbox 732 2361 794 2433; x_wconf 83' lang='lat' dir='ltr'><strong>quis</strong></span> <span class='ocrx_word' id='word_1_135' title='bbox 822 2361 870 2418; x_wconf 87' lang='lat' dir='ltr'><strong>aiii</strong></span> <span class='ocrx_word' id='word_1_136' title='bbox 892 2360 980 2417; x_wconf 84' lang='lat' dir='ltr'><strong>wadia</strong></span> <span class='ocrx_word' id='word_1_137' title='bbox 1007 2361 1136 2417; x_wconf 85' lang='lat' dir='ltr'><strong>dederint</strong></span> <span class='ocrx_word' id='word_1_138' title='bbox 1160 2369 1188 2417; x_wconf 85' lang='lat' dir='ltr'><strong>et</strong></span> 
     </span>
     <span class='ocr_line' id='line_1_20' title="bbox 358 2453 1186 2532; baseline 0.001 -18"><span class='ocrx_word' id='word_1_139' title='bbox 358 2453 510 2531; x_wconf 83' lang='lat' dir='ltr'><strong>fidejuxore</strong></span> <span class='ocrx_word' id='word_1_140' title='bbox 532 2459 573 2531; x_wconf 85' lang='lat' dir='ltr'><strong>(L.</strong></span> <span class='ocrx_word' id='word_1_141' title='bbox 589 2459 619 2528; x_wconf 86' lang='lat' dir='ltr'><strong>V,</strong></span> <span class='ocrx_word' id='word_1_142' title='bbox 635 2456 686 2531; x_wconf 88' lang='lat'><strong>11)</strong></span> <span class='ocrx_word' id='word_1_143' title='bbox 708 2459 817 2516; x_wconf 86' lang='lat' dir='ltr'><strong>declara</strong></span> <span class='ocrx_word' id='word_1_144' title='bbox 836 2458 965 2515; x_wconf 84' lang='lat' dir='ltr'><strong>similiter</strong></span> <span class='ocrx_word' id='word_1_145' title='bbox 985 2465 1015 2514; x_wconf 90' lang='lat' dir='ltr'><strong>ut</strong></span> <span class='ocrx_word' id='word_1_146' title='bbox 1035 2459 1186 2532; x_wconf 87' lang='lat' dir='ltr'><strong>propinqui</strong></span> 
     </span>
     <span class='ocr_line' id='line_1_21' title="bbox 359 2557 1187 2629; baseline 0 -16"><span class='ocrx_word' id='word_1_147' title='bbox 359 2565 486 2629; x_wconf 87' lang='lat' dir='ltr'><strong>parentes</strong></span> <span class='ocrx_word' id='word_1_148' title='bbox 506 2557 619 2614; x_wconf 89' lang='lat' dir='ltr'><strong>masculi</strong></span> <span class='ocrx_word' id='word_1_149' title='bbox 637 2563 701 2614; x_wconf 91' lang='lat' dir='ltr'><strong>sunt</strong></span> <span class='ocrx_word' id='word_1_150' title='bbox 722 2557 757 2612; x_wconf 90' lang='lat' dir='ltr'><strong>de</strong></span> <span class='ocrx_word' id='word_1_151' title='bbox 778 2557 914 2614; x_wconf 78' lang='lat' dir='ltr'><strong>feminino</strong></span> <span class='ocrx_word' id='word_1_152' title='bbox 933 2557 997 2614; x_wconf 91' lang='lat' dir='ltr'><strong>ideo</strong></span> <span class='ocrx_word' id='word_1_153' title='bbox 1015 2557 1078 2613; x_wconf 88' lang='lat' dir='ltr'><strong>dico</strong></span> <span class='ocrx_word' id='word_1_154' title='bbox 1099 2564 1187 2614; x_wconf 90' lang='lat' dir='ltr'><strong>mater</strong></span> 
     </span>
     <span class='ocr_line' id='line_1_22' title="bbox 358 2655 1185 2728; baseline 0 -16"><span class='ocrx_word' id='word_1_155' title='bbox 358 2673 410 2720; x_wconf 87' lang='lat' dir='ltr'><strong>nec</strong></span> <span class='ocrx_word' id='word_1_156' title='bbox 421 2656 466 2712; x_wconf 93' lang='lat' dir='ltr'><strong>alii</strong></span> <span class='ocrx_word' id='word_1_157' title='bbox 486 2656 588 2712; x_wconf 84' lang='lat' dir='ltr'><strong>semine</strong></span> <span class='ocrx_word' id='word_1_158' title='bbox 600 2671 657 2712; x_wconf 90' lang='lat' dir='ltr'><strong>non</strong></span> <span class='ocrx_word' id='word_1_159' title='bbox 674 2663 775 2728; x_wconf 88' lang='lat' dir='ltr'><strong>posunt</strong></span> <span class='ocrx_word' id='word_1_160' title='bbox 790 2655 922 2712; x_wconf 83' lang='lat' dir='ltr'><strong>sucedere</strong></span> <span class='ocrx_word' id='word_1_161' title='bbox 940 2671 1020 2712; x_wconf 88' lang='lat' dir='ltr'><strong>suum</strong></span> <span class='ocrx_word' id='word_1_162' title='bbox 1030 2657 1185 2728; x_wconf 84' lang='lat' dir='ltr'><strong>proprium,</strong></span> 
     </span>
     <span class='ocr_line' id='line_1_23' title="bbox 359 2752 1184 2827; baseline -0.001 -17"><span class='ocrx_word' id='word_1_163' title='bbox 359 2752 417 2810; x_wconf 83' lang='lat' dir='ltr'><strong>nixi</strong></span> <span class='ocrx_word' id='word_1_164' title='bbox 432 2756 492 2810; x_wconf 89' lang='lat' dir='ltr'><strong>illas</strong></span> <span class='ocrx_word' id='word_1_165' title='bbox 507 2771 575 2827; x_wconf 89' lang='lat' dir='ltr'><strong>quas</strong></span> <span class='ocrx_word' id='word_1_166' title='bbox 591 2771 639 2810; x_wconf 85' lang='lat' dir='ltr'><strong>rex</strong></span> <span class='ocrx_word' id='word_1_167' title='bbox 655 2755 827 2810; x_wconf 88' lang='lat' dir='ltr'><strong>nominatum</strong></span> <span class='ocrx_word' id='word_1_168' title='bbox 843 2755 969 2826; x_wconf 86' lang='lat' dir='ltr'><strong>precepit</strong></span> <span class='ocrx_word' id='word_1_169' title='bbox 985 2754 1184 2810; x_wconf 88' lang='lat' dir='ltr'><strong>sucedeudum.</strong></span> 
     </span>
    </p>

    <p class='ocr_par' dir='ltr' id='par_1_5' title="bbox 167 2850 1187 2926">
     <span class='ocr_line' id='line_1_24' title="bbox 167 2850 1187 2926; baseline -0.002 -18"><span class='ocrx_word' id='word_1_170' title='bbox 167 2853 206 2910; x_wconf 90' lang='lat' dir='ltr'><strong>id.</strong></span> <span class='ocrx_word' id='word_1_171' title='bbox 329 2850 407 2926; x_wconf 79' lang='lat' dir='ltr'><strong>(item</strong></span> <span class='ocrx_word' id='word_1_172' title='bbox 427 2856 467 2909; x_wconf 82' lang='lat' dir='ltr'><strong>dir</strong></span> <span class='ocrx_word' id='word_1_173' title='bbox 487 2855 608 2926; x_wconf 79' lang='lat' dir='ltr'><strong>scripto.)</strong></span> <span class='ocrx_word' id='word_1_174' title='bbox 635 2851 807 2926; x_wconf 80' lang='lat' dir='ltr'><strong>R(eeordore)</strong></span> <span class='ocrx_word' id='word_1_175' title='bbox 839 2852 973 2924; x_wconf 82' lang='lat' dir='ltr'><strong>quonism</strong></span> <span class='ocrx_word' id='word_1_176' title='bbox 994 2852 1017 2906; x_wconf 90' lang='lat' dir='ltr'><strong>si</strong></span> <span class='ocrx_word' id='word_1_177' title='bbox 1038 2869 1118 2907; x_wconf 91' lang='lat' dir='ltr'><strong>soror</strong></span> <span class='ocrx_word' id='word_1_178' title='bbox 1139 2853 1187 2906; x_wconf 88' lang='lat' dir='ltr'><strong>de-</strong></span> 
     </span>
    </p>

    <p class='ocr_par' dir='ltr' id='par_1_6' title="bbox 308 2949 1187 3221">
     <span class='ocr_line' id='line_1_25' title="bbox 308 2949 1187 3024; baseline -0.002 -17"><span class='ocrx_word' id='word_1_179' title='bbox 308 3006 311 3014; x_wconf 33' lang='lat' dir='ltr'><em>s</em></span> <span class='ocrx_word' id='word_1_180' title='bbox 360 2951 458 3007; x_wconf 83' lang='lat' dir='ltr'><strong>uiderit</strong></span> <span class='ocrx_word' id='word_1_181' title='bbox 486 2955 590 3024; x_wconf 75' lang='lat' dir='ltr'><strong>(morpo</strong></span> <span class='ocrx_word' id='word_1_182' title='bbox 618 2949 795 3022; x_wconf 66' lang='lat' dir='ltr'><strong>decesserit),</strong></span> <span class='ocrx_word' id='word_1_183' title='bbox 831 2949 915 3006; x_wconf 86' lang='lat' dir='ltr'><strong>irater</strong></span> <span class='ocrx_word' id='word_1_184' title='bbox 944 2957 972 3006; x_wconf 88' lang='lat' dir='ltr'><strong>ct</strong></span> <span class='ocrx_word' id='word_1_185' title='bbox 999 2957 1076 3022; x_wconf 89' lang='lat' dir='ltr'><strong>pater</strong></span> <span class='ocrx_word' id='word_1_186' title='bbox 1102 2950 1187 3022; x_wconf 87' lang='lat' dir='ltr'><strong>patris</strong></span> 
     </span>
     <span class='ocr_line' id='line_1_26' title="bbox 359 3031 1186 3134; baseline 0 -30"><span class='ocrx_word' id='word_1_187' title='bbox 359 3050 405 3122; x_wconf 87' lang='lat' dir='ltr'><strong>qui</strong></span> <span class='ocrx_word' id='word_1_188' title='bbox 427 3049 449 3105; x_wconf 88' lang='lat' dir='ltr'><strong>si</strong></span> <span class='ocrx_word' id='word_1_189' title='bbox 478 3050 536 3121; x_wconf 82' lang='lat' dir='ltr'><strong>ejus</strong></span> <span class='ocrx_word' id='word_1_190' title='bbox 557 3049 685 3106; x_wconf 80' lang='lat' dir='ltr'><strong>mundio.</strong></span> <span class='ocrx_word' id='word_1_191' title='bbox 703 3055 734 3134; x_wconf 73' lang='lat' dir='ltr'><strong>pt</strong></span> <span class='ocrx_word' id='word_1_192' title='bbox 762 3063 842 3105; x_wconf 86' lang='lat' dir='ltr'><strong>soror</strong></span> <span class='ocrx_word' id='word_1_193' title='bbox 871 3031 1027 3104; x_wconf 65' lang='lat' dir='ltr'><strong>iratdehet</strong></span> <span class='ocrx_word' id='word_1_194' title='bbox 1054 3048 1186 3104; x_wconf 88' lang='lat' dir='ltr'><strong>sucederc</strong></span> 
     </span>
     <span class='ocr_line' id='line_1_27' title="bbox 358 3145 1185 3221; baseline -0.002 -18"><span class='ocrx_word' id='word_1_195' title='bbox 358 3163 452 3217; x_wconf 86' lang='lat' dir='ltr'><strong>soror,</strong></span> <span class='ocrx_word' id='word_1_196' title='bbox 475 3149 539 3221; x_wconf 91' lang='lat' dir='ltr'><strong>quia</strong></span> <span class='ocrx_word' id='word_1_197' title='bbox 561 3149 612 3204; x_wconf 88' lang='lat' dir='ltr'><strong>ista</strong></span> <span class='ocrx_word' id='word_1_198' title='bbox 634 3150 695 3218; x_wconf 75' lang='lat' dir='ltr'><strong>iege</strong></span> <span class='ocrx_word' id='word_1_199' title='bbox 718 3163 775 3204; x_wconf 92' lang='lat' dir='ltr'><strong>nou</strong></span> <span class='ocrx_word' id='word_1_200' title='bbox 797 3146 864 3202; x_wconf 91' lang='lat' dir='ltr'><strong>dicit</strong></span> <span class='ocrx_word' id='word_1_201' title='bbox 885 3147 919 3204; x_wconf 88' lang='lat' dir='ltr'><strong>de</strong></span> <span class='ocrx_word' id='word_1_202' title='bbox 941 3145 993 3203; x_wconf 86' lang='lat' dir='ltr'><strong>atia</strong></span> <span class='ocrx_word' id='word_1_203' title='bbox 1015 3159 1110 3202; x_wconf 86' lang='lat' dir='ltr'><strong>sorore</strong></span> <span class='ocrx_word' id='word_1_204' title='bbox 1133 3145 1185 3202; x_wconf 92' lang='lat' dir='ltr'><strong>nisi</strong></span> 
     </span>
    </p>

    <p class='ocr_par' dir='ltr' id='par_1_7' title="bbox 266 3241 1271 3326">
     <span class='ocr_line' id='line_1_28' title="bbox 266 3241 1271 3326; baseline -0.003 -24"><span class='ocrx_word' id='word_1_205' title='bbox 266 3275 273 3286; x_wconf 76' lang='lat'><em>,</em></span> <span class='ocrx_word' id='word_1_206' title='bbox 292 3243 293 3246; x_wconf 66' lang='grc'>’</span> <span class='ocrx_word' id='word_1_207' title='bbox 360 3246 394 3302; x_wconf 89' lang='lat' dir='ltr'><strong>dc</strong></span> <span class='ocrx_word' id='word_1_208' title='bbox 414 3246 475 3302; x_wconf 89' lang='lat' dir='ltr'><strong>ilias</strong></span> <span class='ocrx_word' id='word_1_209' title='bbox 492 3247 624 3303; x_wconf 88' lang='lat' dir='ltr'><strong>sucedere</strong></span> <span class='ocrx_word' id='word_1_210' title='bbox 648 3244 697 3320; x_wconf 89' lang='lat' dir='ltr'><strong>(de</strong></span> <span class='ocrx_word' id='word_1_211' title='bbox 712 3245 773 3302; x_wconf 87' lang='lat' dir='ltr'><strong>ilias</strong></span> <span class='ocrx_word' id='word_1_212' title='bbox 791 3246 925 3302; x_wconf 87' lang='lat' dir='ltr'><strong>sucedere</strong></span> <span class='ocrx_word' id='word_1_213' title='bbox 940 3247 1010 3300; x_wconf 80' lang='lat' dir='ltr'><strong>deest</strong></span> <span class='ocrx_word' id='word_1_214' title='bbox 1029 3247 1060 3300; x_wconf 84' lang='lat' dir='ltr'><strong>in</strong></span> <span class='ocrx_word' id='word_1_215' title='bbox 1078 3243 1184 3318; x_wconf 71' lang='lat' dir='ltr'><strong>nodedu)</strong></span> <span class='ocrx_word' id='word_1_216' title='bbox 1242 3241 1271 3326; x_wconf 23' lang='lat'><strong>&#39;¹</strong></span> 
     </span>
    </p>

    <p class='ocr_par' dir='ltr' id='par_1_8' title="bbox 359 3342 1245 3614">
     <span class='ocr_line' id='line_1_29' title="bbox 360 3342 1187 3417; baseline -0.005 -17"><span class='ocrx_word' id='word_1_217' title='bbox 360 3345 480 3400; x_wconf 88' lang='lat' dir='ltr'><strong>debeant</strong></span> <span class='ocrx_word' id='word_1_218' title='bbox 501 3352 578 3417; x_wconf 88' lang='lat' dir='ltr'><strong>pater</strong></span> <span class='ocrx_word' id='word_1_219' title='bbox 599 3351 626 3400; x_wconf 92' lang='lat' dir='ltr'><strong>et</strong></span> <span class='ocrx_word' id='word_1_220' title='bbox 646 3349 734 3400; x_wconf 89' lang='lat' dir='ltr'><strong>mater</strong></span> <span class='ocrx_word' id='word_1_221' title='bbox 754 3360 826 3402; x_wconf 86' lang='lat' dir='ltr'><strong>suas.</strong></span> <span class='ocrx_word' id='word_1_222' title='bbox 865 3343 894 3400; x_wconf 89' lang='lat' dir='ltr'><strong>Si</strong></span> <span class='ocrx_word' id='word_1_223' title='bbox 915 3358 982 3414; x_wconf 75' lang='lat' dir='ltr'><strong>ergo</strong></span> <span class='ocrx_word' id='word_1_224' title='bbox 1005 3349 1083 3416; x_wconf 81' lang='lat' dir='ltr'><strong>poter</strong></span> <span class='ocrx_word' id='word_1_225' title='bbox 1103 3342 1187 3397; x_wconf 88' lang='lat' dir='ltr'><strong>habet</strong></span> 
     </span>
     <span class='ocr_line' id='line_1_30' title="bbox 359 3441 1245 3526; baseline -0.003 -28"><span class='ocrx_word' id='word_1_226' title='bbox 359 3443 458 3507; x_wconf 86' lang='lat' dir='ltr'><strong>titium,</strong></span> <span class='ocrx_word' id='word_1_227' title='bbox 482 3443 589 3499; x_wconf 90' lang='lat' dir='ltr'><strong>sucedit</strong></span> <span class='ocrx_word' id='word_1_228' title='bbox 607 3443 688 3515; x_wconf 85' lang='lat' dir='ltr'><strong>patri,</strong></span> <span class='ocrx_word' id='word_1_229' title='bbox 714 3441 849 3499; x_wconf 83' lang='lat' dir='ltr'><strong>nontilia.</strong></span> <span class='ocrx_word' id='word_1_230' title='bbox 873 3446 900 3498; x_wconf 87' lang='lat' dir='ltr'><strong>et</strong></span> <span class='ocrx_word' id='word_1_231' title='bbox 921 3441 943 3496; x_wconf 90' lang='lat' dir='ltr'><strong>si</strong></span> <span class='ocrx_word' id='word_1_232' title='bbox 966 3457 1022 3496; x_wconf 91' lang='lat' dir='ltr'><strong>non</strong></span> <span class='ocrx_word' id='word_1_233' title='bbox 1045 3446 1085 3496; x_wconf 86' lang='lat' dir='ltr'><strong>est</strong></span> <span class='ocrx_word' id='word_1_234' title='bbox 1106 3449 1186 3496; x_wconf 90' lang='lat' dir='ltr'><strong>muu-</strong></span> <span class='ocrx_word' id='word_1_235' title='bbox 1243 3517 1245 3526; x_wconf 38' lang='lat'><em>,</em></span> 
     </span>
     <span class='ocr_line' id='line_1_31' title="bbox 360 3538 1185 3614; baseline 0 -18"><span class='ocrx_word' id='word_1_236' title='bbox 360 3541 437 3596; x_wconf 91' lang='lat' dir='ltr'><strong>doait</strong></span> <span class='ocrx_word' id='word_1_237' title='bbox 457 3541 550 3605; x_wconf 88' lang='lat' dir='ltr'><strong>irater,</strong></span> <span class='ocrx_word' id='word_1_238' title='bbox 574 3541 621 3597; x_wconf 88' lang='lat' dir='ltr'><strong>ilie</strong></span> <span class='ocrx_word' id='word_1_239' title='bbox 644 3541 738 3614; x_wconf 75' lang='lat' dir='ltr'><strong>(morp.</strong></span> <span class='ocrx_word' id='word_1_240' title='bbox 759 3539 810 3612; x_wconf 83' lang='lat' dir='ltr'><strong>iili)</strong></span> <span class='ocrx_word' id='word_1_241' title='bbox 833 3539 878 3598; x_wconf 89' lang='lat' dir='ltr'><strong>eui</strong></span> <span class='ocrx_word' id='word_1_242' title='bbox 899 3538 1021 3612; x_wconf 85' lang='lat' dir='ltr'><strong>pertinet</strong></span> <span class='ocrx_word' id='word_1_243' title='bbox 1040 3539 1185 3596; x_wconf 89' lang='lat' dir='ltr'><strong>mundium</strong></span> 
     </span>
    </p>

    <p class='ocr_par' dir='ltr' id='par_1_9' title="bbox 360 3638 1183 3712">
     <span class='ocr_line' id='line_1_32' title="bbox 360 3638 1183 3712; baseline -0.001 -17"><span class='ocrx_word' id='word_1_244' title='bbox 360 3638 419 3712; x_wconf 89' lang='lat' dir='ltr'><strong>ipse</strong></span> <span class='ocrx_word' id='word_1_245' title='bbox 440 3638 568 3706; x_wconf 89' lang='lat' dir='ltr'><strong>suecdat‚</strong></span> <span class='ocrx_word' id='word_1_246' title='bbox 588 3639 662 3710; x_wconf 83' lang='lat' dir='ltr'><strong>justa</strong></span> <span class='ocrx_word' id='word_1_247' title='bbox 683 3640 744 3710; x_wconf 77' lang='lat' dir='ltr'><strong>lege</strong></span> <span class='ocrx_word' id='word_1_248' title='bbox 766 3638 860 3694; x_wconf 86' lang='lat' dir='ltr'><strong>rohari</strong></span> <span class='ocrx_word' id='word_1_249' title='bbox 881 3638 1105 3710; x_wconf 81' lang='lat' dir='ltr'><strong>primuinieitur</strong></span> <span class='ocrx_word' id='word_1_250' title='bbox 1125 3639 1183 3695; x_wconf 89' lang='lat' dir='ltr'><strong>sic:</strong></span> 
     </span>
    </p>

    <p class='ocr_par' dir='ltr' id='par_1_10' title="bbox 360 3735 1186 4006">
     <span class='ocr_line' id='line_1_33' title="bbox 361 3735 1180 3812; baseline -0.001 -19"><span class='ocrx_word' id='word_1_251' title='bbox 361 3737 391 3793; x_wconf 93' lang='lat' dir='ltr'><strong>Si</strong></span> <span class='ocrx_word' id='word_1_252' title='bbox 419 3737 511 3810; x_wconf 89' lang='lat' dir='ltr'><strong>puelia</strong></span> <span class='ocrx_word' id='word_1_253' title='bbox 539 3744 585 3792; x_wconf 89' lang='lat' dir='ltr'><strong>aut</strong></span> <span class='ocrx_word' id='word_1_254' title='bbox 611 3736 693 3794; x_wconf 86' lang='lat' dir='ltr'><strong>vidua</strong></span> <span class='ocrx_word' id='word_1_255' title='bbox 719 3744 850 3809; x_wconf 84' lang='lat' dir='ltr'><strong>sponsata</strong></span> <span class='ocrx_word' id='word_1_256' title='bbox 877 3736 1004 3794; x_wconf 85' lang='lat' dir='ltr'><strong>habuerit</strong></span> <span class='ocrx_word' id='word_1_257' title='bbox 1034 3735 1076 3812; x_wconf 86' lang='lat' dir='ltr'><strong>(ii.</strong></span> <span class='ocrx_word' id='word_1_258' title='bbox 1098 3735 1180 3811; x_wconf 89' lang='lat'>215).</span> 
     </span>
     <span class='ocr_line' id='line_1_34' title="bbox 360 3835 1186 3908; baseline -0.001 -17"><span class='ocrx_word' id='word_1_259' title='bbox 360 3836 425 3892; x_wconf 86' lang='lat' dir='ltr'><strong>ideo</strong></span> <span class='ocrx_word' id='word_1_260' title='bbox 447 3835 482 3891; x_wconf 84' lang='lat' dir='ltr'><strong>de</strong></span> <span class='ocrx_word' id='word_1_261' title='bbox 503 3835 674 3892; x_wconf 89' lang='lat' dir='ltr'><strong>mundoaldo</strong></span> <span class='ocrx_word' id='word_1_262' title='bbox 702 3836 731 3893; x_wconf 90' lang='lat' dir='ltr'><strong>id</strong></span> <span class='ocrx_word' id='word_1_263' title='bbox 752 3843 794 3892; x_wconf 87' lang='lat' dir='ltr'><strong>est</strong></span> <span class='ocrx_word' id='word_1_264' title='bbox 813 3835 840 3892; x_wconf 87' lang='lat' dir='ltr'><strong>-si</strong></span> <span class='ocrx_word' id='word_1_265' title='bbox 863 3842 940 3908; x_wconf 85' lang='lat' dir='ltr'><strong>puter</strong></span> <span class='ocrx_word' id='word_1_266' title='bbox 961 3835 1110 3908; x_wconf 88' lang='lat' dir='ltr'><strong>propinqui</strong></span> <span class='ocrx_word' id='word_1_267' title='bbox 1139 3842 1186 3891; x_wconf 89' lang='lat' dir='ltr'><strong>aut</strong></span> 
     </span>
     <span class='ocr_line' id='line_1_35' title="bbox 362 3931 1017 4006; baseline -0.006 -16"><span class='ocrx_word' id='word_1_268' title='bbox 362 3941 439 4006; x_wconf 85' lang='lat' dir='ltr'><strong>pater</strong></span> <span class='ocrx_word' id='word_1_269' title='bbox 459 3942 506 3991; x_wconf 92' lang='lat' dir='ltr'><strong>aut</strong></span> <span class='ocrx_word' id='word_1_270' title='bbox 526 3934 609 3990; x_wconf 86' lang='lat' dir='ltr'><strong>irater</strong></span> <span class='ocrx_word' id='word_1_271' title='bbox 630 3936 672 3990; x_wconf 89' lang='lat' dir='ltr'><strong>vei</strong></span> <span class='ocrx_word' id='word_1_272' title='bbox 694 3934 789 3991; x_wconf 87' lang='lat' dir='ltr'><strong>dederi</strong></span> <span class='ocrx_word' id='word_1_273' title='bbox 811 3934 853 3990; x_wconf 88' lang='lat' dir='ltr'><strong>vel</strong></span> <span class='ocrx_word' id='word_1_274' title='bbox 875 3931 1017 3991; x_wconf 87' lang='lat' dir='ltr'><strong>donaveri.</strong></span> 
     </span>
    </p>
   </div>
   <div class='ocr_carea' id='block_1_3' title="bbox 148 4048 1038 4617">
    <p class='ocr_par' dir='ltr' id='par_1_11' title="bbox 148 4048 1038 4617">
     <span class='ocr_line' id='line_1_36' title="bbox 148 4048 357 4108; baseline 0.019 -4"><span class='ocrx_word' id='word_1_275' title='bbox 148 4049 191 4104; x_wconf 79' lang='lat' dir='ltr'><strong>Dr</strong></span> <span class='ocrx_word' id='word_1_276' title='bbox 213 4048 357 4108; x_wconf 80' lang='lat' dir='ltr'><strong>ann0X1.</strong></span> 
     </span>
     <span class='ocr_line' id='line_1_37' title="bbox 170 4147 662 4220; baseline 0.006 -19"><span class='ocrx_word' id='word_1_277' title='bbox 170 4147 197 4202; x_wconf 87' lang='grc'><strong>1.</strong></span> <span class='ocrx_word' id='word_1_278' title='bbox 261 4148 310 4204; x_wconf 85' lang='grc'><strong>38.</strong></span> <span class='ocrx_word' id='word_1_279' title='bbox 332 4147 466 4220; x_wconf 82' lang='lat' dir='ltr'><strong>precedat)</strong></span> <span class='ocrx_word' id='word_1_280' title='bbox 490 4147 519 4206; x_wconf 89' lang='lat' dir='ltr'><strong>.i.</strong></span> <span class='ocrx_word' id='word_1_281' title='bbox 542 4163 662 4204; x_wconf 85' lang='lat' dir='ltr'><strong>aeresea.</strong></span> 
     </span>
     <span class='ocr_line' id='line_1_38' title="bbox 167 4243 679 4324; baseline 0.002 -23"><span class='ocrx_word' id='word_1_282' title='bbox 167 4243 198 4302; x_wconf 83' lang='lat'><strong>3.</strong></span> <span class='ocrx_word' id='word_1_283' title='bbox 270 4247 312 4324; x_wconf 58' lang='lat'><strong>2.</strong></span> <span class='ocrx_word' id='word_1_284' title='bbox 334 4247 478 4321; x_wconf 80' lang='lat' dir='ltr'><strong>matrinia)</strong></span> <span class='ocrx_word' id='word_1_285' title='bbox 500 4247 527 4307; x_wconf 89' lang='lat' dir='ltr'><strong>.i.</strong></span> <span class='ocrx_word' id='word_1_286' title='bbox 552 4263 679 4302; x_wconf 84' lang='lat' dir='ltr'><strong>noverca.</strong></span> 
     </span>
     <span class='ocr_line' id='line_1_39' title="bbox 167 4343 943 4421; baseline 0.001 -22"><span class='ocrx_word' id='word_1_287' title='bbox 167 4344 198 4399; x_wconf 79' lang='grc'><strong>4.</strong></span> <span class='ocrx_word' id='word_1_288' title='bbox 285 4346 312 4401; x_wconf 85' lang='grc'><strong>1.</strong></span> <span class='ocrx_word' id='word_1_289' title='bbox 334 4345 563 4421; x_wconf 60' lang='lat' dir='ltr'><strong>propitiatorii.</strong></span> <span class='ocrx_word' id='word_1_290' title='bbox 585 4345 736 4402; x_wconf 89' lang='lat' dir='ltr'><strong>statuimus.</strong></span> <span class='ocrx_word' id='word_1_291' title='bbox 761 4343 837 4415; x_wconf 82' lang='lat' dir='ltr'><strong>(item</strong></span> <span class='ocrx_word' id='word_1_292' title='bbox 857 4345 943 4416; x_wconf 82' lang='lat' dir='ltr'><strong>aiiii).</strong></span> 
     </span>
     <span class='ocr_line' id='line_1_40' title="bbox 281 4441 988 4517; baseline -0.003 -17"><span class='ocrx_word' id='word_1_293' title='bbox 281 4445 310 4500; x_wconf 74' lang='lat'><strong>2.</strong></span> <span class='ocrx_word' id='word_1_294' title='bbox 333 4444 440 4517; x_wconf 85' lang='lat' dir='ltr'><strong>amodo)</strong></span> <span class='ocrx_word' id='word_1_295' title='bbox 466 4445 496 4501; x_wconf 89' lang='lat' dir='ltr'><strong>.i.</strong></span> <span class='ocrx_word' id='word_1_296' title='bbox 520 4446 649 4513; x_wconf 80' lang='lat' dir='ltr'><strong>deinces,</strong></span> <span class='ocrx_word' id='word_1_297' title='bbox 671 4443 700 4499; x_wconf 91' lang='lat' dir='ltr'><strong>in</strong></span> <span class='ocrx_word' id='word_1_298' title='bbox 723 4449 786 4498; x_wconf 90' lang='lat' dir='ltr'><strong>ante</strong></span> <span class='ocrx_word' id='word_1_299' title='bbox 807 4441 885 4515; x_wconf 83' lang='lat' dir='ltr'><strong>(item</strong></span> <span class='ocrx_word' id='word_1_300' title='bbox 903 4441 988 4514; x_wconf 77' lang='lat' dir='ltr'><strong>mon).</strong></span> 
     </span>
     <span class='ocr_line' id='line_1_41' title="bbox 255 4539 1038 4617; baseline -0.004 -17"><span class='ocrx_word' id='word_1_301' title='bbox 255 4595 257 4600; x_wconf 91' lang='lat'><em>.</em></span> <span class='ocrx_word' id='word_1_302' title='bbox 281 4543 310 4599; x_wconf 55' lang='grc' dir='ltr'><strong>ἢ.</strong></span> <span class='ocrx_word' id='word_1_303' title='bbox 331 4541 481 4617; x_wconf 73' lang='grc' dir='ltr'><strong>ρνεειιηιαι)</strong></span> <span class='ocrx_word' id='word_1_304' title='bbox 505 4543 534 4602; x_wconf 83' lang='grc' dir='ltr'><strong>.ἰ.</strong></span> <span class='ocrx_word' id='word_1_305' title='bbox 556 4550 623 4602; x_wconf 85' lang='lat' dir='ltr'><strong>osat.</strong></span> <span class='ocrx_word' id='word_1_306' title='bbox 646 4540 743 4616; x_wconf 82' lang='lat' dir='ltr'><strong>(Saepe</strong></span> <span class='ocrx_word' id='word_1_307' title='bbox 763 4539 852 4616; x_wconf 70' lang='lat' dir='ltr'><strong>odos).</strong></span> <span class='ocrx_word' id='word_1_308' title='bbox 971 4561 981 4580; x_wconf 76' lang='lat'><strong><em>¹</em></strong></span> <span class='ocrx_word' id='word_1_309' title='bbox 1035 4563 1038 4573; x_wconf 37' lang='lat' dir='ltr'><strong>t</strong></span> 
     </span>
    </p>
   </div>
   <div class='ocr_carea' id='block_1_4' title="bbox 0 0 1604 5222">
    <p class='ocr_par' dir='ltr' id='par_1_12' title="bbox 0 0 1604 5222">
     <span class='ocr_line' id='line_1_42' title="bbox 0 0 1604 5222; baseline 0 0"><span class='ocrx_word' id='word_1_310' title='bbox 0 0 1604 5222; x_wconf 95' lang='lat' dir='ltr'><strong> </strong></span> 
     </span>
    </p>
   </div>
  </div>
 </body>
</html>
