3172 5228
382 493 425 558 52
752 523 754 530 ·
776 511 932 557 normanus
954 511 1054 558 nuens

461 666 551 724 888.
582 661 631 736 (De
660 673 859 722 resumentem
886 661 1016 740 mptum.)
1066 663 1277 721 Sacramentum
1302 670 1371 720 tunc
1396 662 1441 719 in-

381 763 526 836 tellegitur
543 770 678 836 ruptum,
711 763 826 836 quando
858 770 1000 836 presentes
1028 769 1201 820 sacrosancta
1223 761 1365 834 evangelia
1392 767 1440 818 aut

382 880 458 922 arma
481 869 585 920 sacrata
610 861 670 933 ipse
692 861 741 934 qui
762 861 890 934 pulsatur
909 877 974 918 cum
1000 863 1214 918 sacramentales
1234 875 1301 917 suos
1322 859 1441 932 conjun-

380 963 468 1030 xerit,
501 968 529 1017 et
548 976 605 1016 nou
628 949 766 1015 ausaverit
781 959 894 1031 jurare,
923 965 971 1016 aut
1000 957 1059 1030 ipse
1091 965 1139 1014 aut
1164 958 1265 1031 aliquis
1286 957 1321 1014 de
1349 975 1440 1015 sacra-

382 1058 550 1116 mentalibus
571 1057 629 1113 suis
650 1073 679 1112 se
701 1057 905 1121 subtraxerint,
937 1063 1004 1111 tunc
1033 1055 1206 1126 intellegitur
1232 1060 1439 1127 sagramentum

382 1165 509 1230 ruptum.
573 1178 575 1190 ¹
1340 1157 1345 1160 “

378 1277 379 1284 “
432 1279 436 1286 ’
461 1253 548 1313 804.
571 1249 624 1325 (De
644 1268 674 1307 eo
694 1253 742 1322 qui
759 1253 837 1322 prius
857 1251 1089 1320 manufestaoerit,
1113 1258 1138 1307 et
1157 1259 1357 1323 sagramentum
1373 1267 1439 1322 pro-

380 1351 486 1424 mittit.)
529 1350 558 1407 Si
581 1365 632 1422 pro
654 1362 833 1421 quacumque
854 1349 936 1420 culpa
958 1348 1042 1403 homo
1063 1348 1189 1420 pulsatus
1211 1347 1294 1405 suerit
1314 1349 1349 1405 ab
1370 1349 1436 1414 alio,

380 1457 408 1506 et
430 1448 582 1520 negaverit,
604 1449 695 1503 leceat
715 1463 781 1502 eum
802 1462 831 1501 se
853 1446 986 1502 edoniare
1008 1447 1164 1502 secundnm
1183 1448 1274 1517 legem
1295 1454 1324 1503 et
1339 1463 1440 1502 secun-

380 1549 449 1604 dum
469 1547 632 1620 qualitatem
652 1561 762 1602 causae.
786 1545 816 1600 Si
838 1551 930 1600 autem
948 1541 1170 1600 manesestaverit
1190 1561 1219 1600 se
1240 1545 1349 1610 iecisse,
1372 1561 1440 1600 con-

380 1652 468 1718 ponat
488 1643 643 1700 secundum
664 1643 785 1715 qualiter
804 1642 833 1698 in
855 1642 909 1697 hoc
929 1641 1062 1698 Edictum
1083 1643 1200 1712 legitur;
1223 1659 1287 1698 uam
1309 1643 1440 1700 nulli-le-

380 1750 459 1812 cent,
493 1749 641 1815 postquam
661 1740 739 1813 prius
760 1739 1003 1808 mauclestarerit,
1031 1747 1127 1812 postea
1156 1756 1206 1812 per
1233 1747 1438 1811 sagramentum

359 1845 484 1912 xnegare
505 1825 584 1914 quod
606 1855 663 1894 non
685 1838 720 1894 sit
733 1837 894 1910 culparetis,
917 1842 1067 1910 postquam
1085 1837 1145 1910 ipse
1166 1853 1195 1894 se
1213 1839 1378 1910 culpavilem
1391 1840 1440 1896 ad-

380 1939 481 2010 signat.
525 1938 597 2007 Quia
619 1937 722 1992 multos
743 1934 928 2006 cognovimus
960 1934 989 1989 in
1017 1949 1105 2006 reguo
1128 1944 1223 1992 nostro
1253 1939 1321 1993 tales
1341 1952 1439 2009 pravas

381 2044 556 2110 opponentes
577 2034 767 2104 intentiones,
801 2034 851 2089 bec
873 2050 924 2089 nos
945 2041 1093 2090 moverunt
1113 2041 1271 2107 presentem
1291 2052 1438 2106 corregere

380 2136 471 2206 legem
492 2135 574 2213 etad
595 2133 742 2232 mel’gqrpm
763 2140 866 2189 statum
886 2148 1026 2190 revocare.

459 2233 550 2292 865.
574 2230 629 2306 (De
650 2219 768 2295 dc'uv'tmn
785 2232 875 2302 putris
894 2229 1017 2305 mortui.)
1039 2230 1069 2287 Si
1091 2230 1154 2304 quis
1171 2238 1234 2303 post
1251 2238 1369 2287 mortem
1390 2248 1438 2304 pa·

376 2329 429 2392 ,tris
448 2329 540 2388 filium
561 2329 596 2386 de
618 2329 741 2385 devitum
763 2327 959 2400 appellaverit,
994 2328 1071 2400 quod
1101 2329 1310 2400 paterdebitor
1336 2328 1435 2398 fuissit,

340 2469 344 2476 t
379 2440 407 2485 et
427 2429 501 2485 lilius
523 2427 673 2498 negaverit,
697 2426 734 2482 ita
753 2424 935 2492 dicernimus,
959 2432 990 2480 ut
1002 2433 1114 2497 preveat
1131 2426 1205 2482 filius
1221 2436 1435 2497 sacramentum,

377 2526 535 2584 secuudum
556 2524 717 2597 qualitatem
740 2523 876 2595 pecuniae
899 2524 973 2579 unde
994 2525 1132 2596 pulsatur,
1157 2525 1233 2597 quod
1251 2534 1330 2597 pater
1350 2525 1437 2599 ipsius

379 2624 405 2680 ci
428 2623 538 2680 debitor
559 2620 739 2690 non'luissit,
762 2627 810 2676 aut
830 2637 881 2693 per
902 2636 997 2692 pugna
1019 2621 1170 2678 defendere
1190 2622 1212 2678 si
1234 2624 1368 2696 potuerit.
1392 2635 1394 2642 ’

459 2720 572 2779 366ιῦ
595 2719 625 2776 si
646 2721 740 2793 aliqua
761 2719 836 2775 inter
850 2720 1044 2787 creditorem,
1078 2729 1106 2778 et
1127 2721 1279 2779 devitorem
1301 2731 1385 2796 utque
1406 2723 1438 2778 fi-

379 2820 551 2893 dejussorem
572 2818 724 2875 surrexerit
743 2817 880 2888 intentio,
910 2825 938 2876 et
958 2819 1061 2876 dixerit
1082 2821 1218 2886 creditor,
1247 2822 1312 2894 quia
1334 2821 1369 2878 ln
1389 2823 1439 2877 tali

376 2925 499 2990 pretcuto
518 2920 612 2976 suedia
632 2919 745 2988 saucepi,
767 2923 796 2972 et
816 2917 964 2990 fidejussor
984 2918 1143 2989 negaverit;
1167 2936 1225 2975 non
1247 2927 1287 2976 est
1302 2935 1384 2976 causa
1405 2921 1436 2976 fi·

379 3018 532 3091 dejussoris
553 3023 762 3088 sagramentum
782 3017 907 3087 prereri,
941 3016 993 3072 uisi
1015 3017 1124 3072 devitor
1144 3018 1270 3088 singulus
1290 3018 1437 3074 satisfaciat

379 3117 414 3173 ad
435 3116 578 3187 evangelia
600 3122 647 3171 aut
667 3115 702 3171 nd
723 3129 820 3183 arma,
843 3115 909 3187 quia
930 3095 965 3170 ln
985 3116 1035 3171 tuli
1055 3117 1172 3186 capitulo
1192 3119 1354 3172 nermedis
1374 3117 1437 3172 deda·

378 3231 427 3270 nec
445 3217 601 3287 fidejcusore
619 3215 709 3284 posui.
1489 3205 1491 3208 ’

460 3314 546 3371 801.
568 3308 802 3387 (Dcworegung.)
825 3309 930 3366 Omnes
949 3326 1106 3381 waregang,
1129 3311 1178 3384 qui
1190 3311 1224 3368 de
1241 3319 1362 3368 exterres
1372 3311 1435 3368 finis

378 3411 407 3469 iu
427 3409 508 3481 regni
531 3410 617 3466 nostri
640 3408 744 3467 finibus
764 3408 922 3473 advenerit,
952 3424 1073 3481 sequens
1098 3410 1152 3465 sub
1180 3417 1289 3465 scutum
1317 3417 1436 3482 potcsta-

378 3509 413 3565 tis
435 3516 528 3565 nostre
543 3507 736 3575 subdederint,
759 3507 869 3578 legibus
892 3505 993 3562 nostris
1004 3507 1256 3577 Langobardorum
1275 3507 1366 3564 rivere
1387 3508 1435 3564 de·

311 3617 313 3624 ·
379 3613 477 3676 veant,
501 3605 556 3662 uisi
578 3605 600 3662 si
622 3605 704 3662 aliam
725 3606 817 3675 legem
838 3605 873 3661 ad
894 3603 1025 3676 pietatem
1047 3611 1169 3661 nostrum
1191 3613 1360 3662 meruerent.
1404 3605 1439 3664 Si

378 3704 453 3760 filius
473 3703 616 3776 legitimus
638 3703 804 3770 habuerint,
834 3701 952 3757 heredes
966 3719 1079 3758 eorum
1101 3703 1220 3760 existunt
1245 3703 1317 3760 sicut
1337 3709 1365 3759 et
1385 3703 1435 3759 lilii

378 3803 649 3873 Langobardoruml
677 3801 699 3857 si
722 3800 796 3856 filius
818 3799 959 3870 legitimus
982 3816 1039 3856 uon
1060 3800 1229 3870 habuerint,
1261 3817 1320 3857 non
1338 3800 1374 3856 sit
1392 3799 1433 3857 illi

378 3906 499 3972 potestas
526 3901 632 3972 absque
659 3899 815 3972 jussionem
841 3897 915 3968 regis
945 3913 989 3952 res
1012 3912 1075 3954 suas
1096 3898 1264 3971 cuicumque
1293 3898 1431 3970 thingare,

378 4005 427 4054 aut
445 4014 495 4071 per
515 3997 656 4071 quodlibit
677 3997 789 4053 titulum
810 3996 943 4052 alienare.

456 4097 546 4154 808.
568 4094 622 4168 (Dc
642 4091 867 4167 completoriam.)
888 4093 987 4150 Nullus
1000 4093 1129 4166 camphio
1142 4101 1293 4166 presumat,
1318 4096 1432 4168 quando

377 4192 414 4248 ad
432 4192 586 4264 pugnando
606 4199 704 4249 contra
725 4190 780 4248 alio
801 4190 894 4259 vadit,
923 4191 1024 4247 herbas
1046 4191 1123 4263 quod
1144 4193 1179 4248 ad
1200 4193 1350 4250 maleficias
1371 4211 1433 4267 per-

376 4289 440 4346 tinit
459 4305 544 4361 super
563 4305 593 4345 se
613 4290 737 4354 habere,
769 4305 822 4345 nec
843 4289 910 4346 alias
931 4291 999 4345 tales
1021 4288 1134 4345 semelis
1154 4305 1216 4359 res,
1250 4291 1303 4348 nisi
1324 4297 1432 4348 tantum

377 4403 452 4444 arma
472 4403 525 4444 sua
543 4403 600 4460 que
620 4387 770 4452 convenit;
793 4393 822 4442 et
842 4387 866 4444 si
886 4386 1008 4460 suspicio
1030 4387 1132 4458 luerit,
1156 4389 1234 4462 quod
1256 4405 1302 4445 eas
1324 4391 1431 4446 occulte

336 4501 338 4506 ¹
377 4482 487 4553 habeat,
509 4483 670 4556 inquiratur
689 4483 725 4540 ad
742 4482 885 4556 judicem,
908 4480 978 4540 etsi
998 4483 1124 4544 inventas
1144 4501 1229 4559 super
1249 4503 1314 4544 eum
1335 4486 1430 4558 luerit,
