3172 5228
476 461 700 512 repressisset.
724 457 840 508 mart»
1162 448 1203 518 88

150 607 253 666 stiriam
273 625 349 674 mam
368 625 420 683 pro
437 626 476 668 eo
497 609 573 684 quod
592 612 653 684 ipse
676 611 767 672 iulans
794 612 866 670 intra
887 619 975 673 aetate
1002 632 1062 676 esse
1082 618 1204 680 vedetur,

150 705 241 761 ludex
260 712 352 766 autem
374 709 517 780 quomodo
541 708 710 770 ordinaverit
727 715 776 766 aut
795 710 914 782 qualiter
930 711 1025 770 lecerit
1045 731 1155 772 causam
1176 715 1204 772 in

152 802 194 858 his
207 804 334 876 capitulis
355 806 389 860 de
411 823 444 862 eo
466 806 512 878 qui
528 806 601 866 intra
612 814 701 865 aetate
714 814 766 871 est,
791 808 891 866 habeat
905 809 1100 872 retribotoreur
1111 815 1206 870 ¹Deum

151 901 372 973 omnipotentem
400 903 460 960 sibe
487 885 614 960 inbono
636 904 696 960 sibe
717 905 746 960 in
767 907 860 971 malc;
883 913 910 962 et
930 907 1030 968 missus
1051 910 1099 967 ille
1120 927 1205 984 quem

146 997 232 1070 judex
261 999 392 1056 direxerit
420 1015 469 1072 pro
491 1000 686 1059 diffiniendum
707 1001 795 1058 causis
817 1019 890 1075 quae
910 1019 992 1076 supra
1019 1007 1204 1080 precipemus,

150 1097 172 1180 si
193 1096 223 1152 in
245 1096 338 1170 aliqua
362 1104 440 1170 parte
466 1115 515 1176 cur
535 1115 615 1158 suum
642 1099 671 1156 iu
693 1099 789 1157 fraude
811 1101 1011 1167 declinaverit,
1043 1109 1090 1159 ant
1110 1104 1206 1162 lecerit

151 1211 276 1267 eaquae
298 1203 434 1268 oportuna
456 1212 512 1253 nou
535 1204 609 1266 sunt,
632 1204 661 1253 ut
681 1196 741 1270 ipse
763 1197 854 1256 inians
868 1200 1007 1256 *damnum
1020 1199 1205 1274 habeatquao

150 1291 222 1351 intra
242 1299 360 1350 aetatem
378 1299 432 1362 est,
455 1300 482 1350 et
501 1310 559 1349 ,non
575 1294 671 1353 iecerit
691 1295 895 1366 aequalitatem,
919 1303 946 1352 et
961 1303 1108 1370 ,provatum
1124 1297 1207 1356 luerit
1260 1289 1262 1296 ’

151 1389 227 1462 quod
247 1381 371 1448 fraudem
392 1391 503 1464 iecissit‚
527 1400 574 1448 aut
594 1391 756 1449 conludium
778 1400 874 1450 contra
890 1394 981 1467 ipsum
997 1395 1132 1456 infantem
1153 1403 1206 1454 sta-

150 1486 250 1552 tuissit,
274 1487 308 1544 de
330 1489 449 1562 propido
471 1506 521 1546 suo
543 1490 672 1548 restaurit
691 1492 767 1564 quod
789 1491 979 1550 fraudolenter
1000 1493 1102 1556 diuisit
1140 1495 1205 1554 Hoc

151 1585 214 1642 ideo
236 1586 353 1657 proinde
372 1576 510 1657 dicimus
526 1595 556 1644 ut
575 1588 667 1644 inians
686 1589 745 1653 ille,
769 1589 817 1662 qui
839 1606 952 1647 causam
970 1607 1048 1648 suam
1066 1591 1155 1654 nescit
1168 1593 1207 1650 le·
1301 1589 1305 1597 “

151 1683 246 1754 gitime
268 1700 426 1756 procurare,
450 1685 581 1742 damnum
603 1701 661 1740 non
683 1685 793 1742 lrabeat.
1185 1731 1189 1738 .

192 1841 193 1846 ,
232 1779 319 1855 (Vll.)
361 1785 422 1842 dd.
464 1783 504 1839 lle
526 1781 657 1853 religiosa
687 1783 790 1840 lemine
816 1801 887 1857 quae
908 1793 1012 1842 restem
1031 1787 1206 1847 at‘habitum

150 1885 244 1936 sancte
265 1880 410 1950 religionis
431 1880 459 1936 in
482 1896 511 1935 se
532 1881 664 1952 suscepit,
685 1881 708 1938 si
726 1881 882 1953 contegeris
899 1899 935 1938 ex
948 1890 1062 1956 peccato
1084 1891 1114 1942 ut
1129 1887 1207 1942 adul-

149 1976 251 2034 terium
271 1978 441 2038 volontariae
463 1978 607 2043 comittst,
631 1978 690 2051 *iqui
718 1980 779 2052 ipsa
805 1981 1052 2040 sanctemonialem
1073 1982 1205 2042 feminam

148 2075 344 2132 adulteraverit
368 2081 513 2147 conponat
532 2075 637 2132 solidos
651 2093 709 2134 uc:
739 2077 805 2149 quia
828 2078 863 2134 de
884 2079 1077 2146 saecularibus
1093 2079 1204 2138 leminis

149 2171 272 2229 Edictss
284 2179 417 2232 contenet
435 2180 465 2228 ut
485 2181 662 2244 conponatur
682 2190 733 2246 pro
754 2175 922 2239 adulterium
938 2176 1024 2236 solidi
1048 2193 1082 2242 c;
1106 2184 1134 2234 et
1154 2193 1206 2236 nos

149 2251 341 2341 prospeximus
362 2287 454 2326 veram
471 2287 535 2328 esse
553 2271 687 2342 justitium
709 2279 739 2327 ut
759 2272 788 2328 in
806 2273 857 2330 Dei
874 2273 1073 2345 omnipotentis
1093 2290 1206 2334 causam

148 2368 191 2424 uel
213 2375 306 2426 sancte
328 2368 386 2439 ejus
407 2367 549 2438 genitricis
565 2369 722 2437 Masinis,
746 2370 823 2442 cujus
845 2378 947 2426 uestem
968 2370 1132 2443 suscipiunt,
1152 2373 1206 2431 dri-¹

149 2465 298 2542 pliceotur.
319 2467 364 2522 De
385 2473 477 2524 autem
499 2467 646 2538 pecuniam
665 2467 792 2540 ejusdem
812 2469 943 2541 religiose
969 2468 1090 2538 lemine,
1119 2486 1202 2542 quac,

150 2564 227 2634 quod
248 2564 335 2633 absit,
365 2563 536 2626 vnontarise
557 2564 725 2624 adulterium
745 2567 949 2638 penetraverit,
976 2565 1022 2626 sic
1043 2567 1108 2632 ties,
1136 2566 1207 2635 sicut

146 2661 204 2734 jam
233 2668 314 2722 antea
343 2663 378 2720 de
406 2662 544 2734 religiosis
565 2661 676 2720 leminis
698 2663 856 2732 statuimus,
887 2678 958 2737 quae
982 2677 1012 2720 se
1036 2664 1139 2722 marito
1160 2679 1207 2722 co-

149 2760 292 2832 polurerlt

230 2857 334 2934 (rur.)
360 2858 414 2914 aa.
447 2857 475 2913 ss
498 2857 689 2921 ruentes,
719 2864 767 2917 aar
794 2856 916 2929 spate
944 2864 972 2913 er
992 2857 1066 2920 filins
1086 2851 1205 2931 usagio
1310 2844 1313 2852 ’

149 2953 269 3024 luerent,
293 2956 315 3012 si
334 2972 407 3013 unus
421 2973 454 3012 ex
476 2954 615 3028 ipsissine
630 2954 705 3022 filiis,
729 2953 849 3023 filiabus,
868 2960 993 3012 mortuos
1006 2955 1098 3026 luerit,
1121 2957 1205 3018 curtis

149 3052 226 3124 regia
247 3054 273 3112 ei
291 3055 434 3112 succedat.
477 3054 544 3110 ldeo
566 3058 657 3110 autem
679 3052 732 3109 hoe
753 3051 937 3123 scripscmus,
965 3051 1028 3123 quia
1059 3052 1110 3111 etsi
1138 3053 1206 3112 adii-

149 3157 224 3211 stum
246 3151 275 3208 in
287 3153 416 3211 Edictum
429 3151 557 3224 proprioe
577 3167 634 3206 non
650 3149 711 3218 tuit
735 3156 825 3206 umen
844 3165 941 3210 omres
954 3149 1061 3222 iudices
1073 3157 1101 3206 et
1115 3150 1205 3208 fidelis

148 3249 237 3308 nostri
248 3249 287 3306 sic
302 3238 441 3314 dixerunt,
465 3250 541 3321 quod
554 3247 704 3310 cadarieda
721 3245 835 3318 antiqua
855 3263 941 3320 usque
958 3264 1032 3305 noune
1046 3247 1203 3314 sic'luissit.

170 3405 173 3409 .
231 3327 336 3420 (rursu
357 3348 399 3406 oe
415 3343 608 3420 possessione.)
629 3346 688 3404 as.
707 3344 766 3414 oni
778 3345 876 3418 uqun
889 3346 924 3404 aa
943 3345 1055 3418 cupreo
1067 3345 1156 3418 saon
1178 3351 1206 3402 e

150 3461 200 3518 per
219 3451 368 3516 sexagenta
389 3461 479 3502 annos
500 3444 608 3517 quietos
628 3442 769 3516 possedit,
799 3441 887 3502 leceat
907 3459 972 3500 eum
991 3442 1020 3498 in
1042 3450 1122 3504 antea
1143 3444 1205 3506 sine

149 3545 243 3616 aliquo
263 3543 455 3604 molestatione
477 3543 579 3600 habere
600 3547 628 3600 et
648 3542 805 3614 possedere.
827 3541 890 3600 tloe
910 3545 1002 3596 autem
1027 3539 1091 3602 ideo
1110 3542 1205 3602 statui-

149 3658 223 3712 mus,
246 3641 309 3714 quia
330 3640 469 3714 possessio
491 3638 608 3698 aliorum
626 3639 772 3706 hominum
792 3639 944 3718 secuudum
957 3638 1205 3710 Langobardorum

148 3742 241 3810 legem
262 3739 289 3796 in
312 3755 366 3796 xxx
387 3753 477 3800 annos
497 3737 610 3801 linitura
633 3753 729 3800 caussas
750 3737 864 3810 quidem
881 3735 982 3808 regalis
1002 3737 1077 3794 unde
1093 3753 1204 3810 conpo-

150 3837 214 3900 sirio
244 3843 405 3909 expectatur
435 3835 587 3894 duhlicatas
617 3821 711 3894 statuit
738 3837 867 3892 decessor
892 3839 988 3892 noster
1008 3834 1136 3894 llornrsu
1155 3852 1205 3894 rex

151 3951 326 4006 conponere:
359 3941 505 4007 propterea
534 3933 615 3990 nobis
636 3941 742 3992 rectum
758 3949 824 3998 com
843 3931 948 3998 nerins
965 3931 1108 4003 judicibus
1139 3923 1207 3992 dou·

152 4033 243 4106 paruit
262 4049 340 4100 esse,
373 4039 454 4090 utet
474 4033 502 4090 in
524 4031 575 4088 ista
597 4048 679 4110 causa
699 4033 734 4088 de
755 4030 930 4104 possessione
953 4030 1131 4102 duplicentur
1152 4031 1205 4105 ipsi

152 4131 230 4200 anni,
253 4138 283 4187 ut
302 4131 371 4186 fiant
389 4146 432 4188 u.
462 4129 540 4186 Etsi
562 4135 608 4186 aut
625 4129 711 4202 judex
737 4136 784 4189 aut
804 4134 880 4188 actor
900 4132 995 4188 noster
1022 4127 1113 4200 ipsum
1134 4146 1205 4204 quse

151 4227 355 4306 possessionem
376 4229 459 4284 talem
478 4227 556 4285 habit
571 4227 719 4300 pulsaverit
738 4226 814 4298 quod
833 4225 924 4298 ipsam
943 4241 1003 4284 rem
1021 4225 1122 4300 injuste
1142 4243 1206 4300 pos-

151 4325 262 4386 sedissit
279 4331 327 4384 ast
344 4324 502 4394 inuasissit,
532 4331 559 4385 st
591 4339 649 4384 uss
674 4323 733 4386 siut
753 4323 875 4396 conpleti
900 4340 936 4384 ux
957 4323 1042 4386 onais
1071 4331 1137 4384 tunc
1156 4324 1205 4382 ille

152 4424 230 4496 cuius
252 4422 395 4497 possessio
425 4429 468 4481 est
493 4423 567 4482 onas
588 4421 694 4496 toruos
719 4421 755 4482 ad
770 4427 869 4484 sueta
890 4421 1101 4492 evangelistes
1119 4422 1155 4484 dc
1173 4437 1205 4484 sc

541 4512 544 4523 .
948 4516 966 4574 6
975 4517 994 4556 4
