3198 5222
386 541 449 608 106
767 563 952 608 arurraaunr
975 562 1065 606 aucis

408 779 411 787 s
467 710 573 786 (Vuu.
595 713 680 770 188.
705 711 766 768 Hoc
786 718 879 770 autem
899 711 940 769 rei
960 711 1058 770 veritas
1079 712 1259 785 pervenitad
1280 729 1345 784 nos,
1367 714 1444 787 quod

387 812 500 885 quidam
521 811 615 881 homo,
639 810 781 867 diabolum
797 809 977 881 instigantem
997 810 1105 868 dixissit
1124 810 1159 867 ad
1179 825 1289 874 servum
1302 812 1443 873 alienum:

390 909 466 978 Veni,
490 917 514 966 ct
534 911 623 966 occide
640 911 779 966 dominum
799 917 891 974 tunm·
915 917 940 965 at
961 926 1008 981 apo
1029 911 1079 964 tibi
1097 911 1187 977 soem
1201 912 1445 968 dodaodorn'tatcrn

386 1025 468 1080 quom
487 1009 613 1064 coluerim
632 1007 683 1064 llle
703 1012 795 1064 aulem
817 1023 887 1079 puer
906 991 1001 1064 suasus
1022 1005 1059 1063 ab
1079 1007 1140 1079 ipso
1155 1007 1267 1072 intravit
1286 1008 1314 1065 in
1333 1021 1443 1066 causam

385 1105 474 1178 ipsam
494 1105 611 1170 malasar
642 1112 670 1160 et
695 1104 803 1161 hisdem
824 1105 873 1176 qui
894 1120 958 1160 eum
980 1111 1102 1161 suaserat
1129 1106 1158 1162 in
1179 1112 1283 1164 mutam
1305 1105 1443 1164 maliciam

383 1203 533 1276 perductus
554 1211 605 1272 est,
627 1210 658 1259 ut
678 1202 786 1259 aeliam·
800 1202 993 1275 presentaliter
1014 1203 1120 1260 diceret
1140 1204 1232 1260 eidem
1253 1221 1356 1276 puero:
1381 1203 1461 1260 Fari.

386 1304 525 1358 dominura
545 1309 635 1366 tcum·
656 1302 765 1372 etipse
787 1300 812 1356 ei
835 1318 885 1372 pro
908 1303 1027 1372 peccatis
1048 1301 1156 1358 saritam
1177 1291 1262 1362 lecit'
1286 1303 1323 1360 Et
1343 1304 1442 1359 iterum

385 1399 455 1455 dixit
475 1399 520 1456 ei:
546 1381 691 1455 Feriarum
711 1401 819 1464 aditum·
850 1416 915 1456 nont
935 1401 959 1454 si
979 1415 1035 1454 non
1055 1416 1114 1456 conr
1132 1401 1217 1469 serm,
1249 1417 1297 1472 apo
1317 1408 1342 1456 tc
1360 1402 1443 1469 [nire

383 1499 485 1562 tabem·
513 1497 571 1568 ipse
601 1503 693 1553 autem
721 1511 790 1568 puer
810 1511 961 1553 conversus
989 1495 1055 1553 iecit
1076 1495 1167 1552 eidem
1189 1497 1305 1554 domino
1331 1498 1442 1554 suoval·

384 1602 471 1651 teram
495 1595 613 1664 feritam,
638 1601 665 1650 et
685 1601 809 1652 mortuos
831 1601 880 1652 est.
902 1595 974 1650 Dum
995 1602 1087 1652 autom
1104 1595 1246 1667 requisitio
1268 1597 1303 1656 de
1324 1603 1442 1652 mortem

381 1692 439 1765 ejus
469 1698 497 1747 ct
522 1692 557 1751 dc
586 1692 811 1764 conpositionem
840 1693 936 1756 lieret,
970 1693 1080 1749 volebat
1109 1693 1210 1765 aliquis
1241 1693 1334 1750 dicere
1365 1694 1440 1766 quod

272 1827 276 1834 -
381 1795 488 1846 tantum
518 1789 623 1851 delerit
651 1806 813 1862 conponere
841 1788 884 1846 his
911 1789 958 1862 qui
981 1777 1081 1862 ipsum*
1092 1805 1208 1862 puerum
1228 1790 1333 1854 suasit.
1365 1790 1441 1846 etin

381 1886 424 1943 sui
446 1887 614 1958 presentiam
640 1885 731 1959 ipsum
752 1887 895 1944 hominem
923 1887 1006 1944 ierire
1036 1887 1124 1955 dixit,
1155 1894 1290 1960 quantum
1309 1888 1442 1945 Aedictus

381 1985 505 2047 anterior
525 1987 650 2050 contenit
670 1985 705 2040 de
727 1984 845 2041 consilio
866 1985 971 2047 mortis.
985 2027 990 2030 -
1005 1985 1061 2050 Sed
1083 1985 1164 2042 nobis
1194 1993 1224 2042 et.
1242 1985 1344 2042 nostris
1368 1985 1443 2058 judi-

380 2082 488 2138 dinibus
510 2081 571 2140 'hoo
606 2084 769 2140 nullomodo
796 2084 919 2155 placuit3'
949 2083 1083 2156 quoniam
1110 2083 1259 2140 eonsilium
1287 2085 1382 2139 mortis
1412 2085 1440 2146 in

380 2181 495 2237 occulte-2
508 2181 556 2236 fiet
576 2184 794 2251 concinnatum,
824 2190 852 2238 et
880 2181 1027 2253 aligotiens
1057 2167 1201 2255 perficitur
1221 2189 1249 2238 el
1270 2181 1440 2255 aliquotiens

381 2295 436 2334 non
460 2279 617 2350 perficitur:
641 2297 705 2338 nam
727 2281 781 2338 hoo
801 2280 982 2348 humicidium
1005 2282 1198 2353 presentaliter
1218 2280 1319 2336 iactum
1340 2287 1391 2348 est,
1415 2287 1442 2336 et
1466 2277 1468 2282 '

380 2393 432 2433 uos
459 2393 516 2433 uon
548 2377 672 2436 dicemus
700 2395 759 2437 esse
789 2378 937 2436 consilium
967 2379 1080 2451 quando
1110 2378 1194 2437 homo
1225 2377 1305 2435 alteri
1325 2378 1441 2435 homeni

380 2475 464 2532 verbo
492 2475 566 2531 tinus
592 2485 619 2534 et
647 2477 840 2548 presentaliter
867 2477 1021 2532 ostenderit
1048 2483 1076 2532 et
1097 2476 1188 2534 dicat:
1217 2476 1282 2531 Feri
1308 2477 1442 2532 dominans

379 2575 472 2630 utam.
504 2573 627 2646 ideoque
649 2575 696 2646 qui
720 2575 803 2632 talem
821 2576 925 2630 malum
944 2574 1102 2638 comiserit,
1131 2580 1160 2630 et
1180 2581 1323 2645 provatum
1345 2573 1439 2640 luerit,

380 2687 438 2726 nou
459 2678 601 2754 conponat
622 2671 904 2742 consilium-mortis,
936 2673 987 2729 sed
1012 2679 1159 2744 conponat¹
1174 2671 1258 2731 sicut.
1272 2688 1323 2730 nus
1345 2679 1440 2730 nostro

380 2775 504 2840 tempora
514 2768 544 2826 in
554 2768 683 2826 Edictum
699 2766 856 2840 adliximus,
872 2777 902 2826 ut
916 2771 1013 2844 perdat
1029 2770 1439 2848 omnemsubstantiamsuam,

377 2872 405 2922 et
424 2865 611 2936 medietatem¹
623 2867 885 2946 exinde-accipiant
908 2868 1017 2924 heredis
1039 2867 1173 2934 defuncti,
1197 2875 1225 2924 et
1244 2867 1440 2926 mediaetatem

379 2963 463 3020 curtis
483 2963 574 3034 regia:
605 2971 721 3037 excepto
748 2965 795 3022 illa
824 2967 938 3040 antiqua
969 2966 1193 3039 conpositionem
1221 2965 1334 3022 heredis
1353 2965 1440 3038 ipsius

379 3060 426 3134 qui
448 3057 555 3118 occisus
575 3069 618 3118 ast
632 3062 666 3119 in
688 3069 769 3120 antea
790 3064 907 3128 tollant,
930 3066 1001 3122 siout
1020 3064 1162 3136 iaEdicto
1184 3069 1279 3120 nostro
1301 3071 1437 3135 tempore,

380 3163 411 3214 ut
431 3158 568 3227 dixemus,
592 3163 634 3214 cst
655 3160 786 3220 adfixum.
827 3221 829 3224 ,

459 3254 520 3331 (Χ.)
541 3259 627 3322 lau.
649 3259 682 3313 ln
698 3258 812 3318 nomine
831 3259 944 3315 Domini
967 3257 1072 3315 uoditia
1088 3258 1208 3331 qualiter
1225 3259 1299 3332 J'ubil
1319 3259 1439 3316 domnus

380 3371 428 3410 rex
451 3354 485 3412 ad
507 3356 599 3410 omnis
620 3361 727 3412 actores
749 3373 832 3426 suos,
855 3355 1011 3429 quinariis
1032 3356 1090 3428 ejus
1112 3357 1244 3414 comissas
1265 3358 1386 3414 habent:
1409 3357 1439 3414 id
1459 3390 1461 3394 ·

380 3459 423 3508 est
441 3451 470 3508 in
492 3452 589 3524 primis
615 3455 650 3509 de
678 3451 727 3510 illo
749 3455 824 3526 quod
850 3454 907 3526 iam
934 3460 1062 3510 nostrum
1091 3461 1216 3526 tempore
1237 3455 1438 3528 inpuplioatum

381 3557 432 3620 est,
456 3556 486 3606 ut
503 3551 599 3622 jurent
620 3552 813 3625 unusquisque
835 3559 930 3622 actor,
954 3560 982 3608 el
1002 3553 1076 3608 dieat
1096 3569 1146 3624 per
1166 3554 1350 3624 evangelium,
1373 3554 1439 3627 quia

379 3649 575 3722 quodcumque
606 3665 765 3720 cognovero
796 3651 871 3722 quod
903 3657 999 3710 contra
1029 3650 1167 3708 rationem
1194 3652 1307 3724 alequid
1340 3653 1438 3709 tultum

380 3754 437 3813 est,
468 3747 539 3804 iacio
561 3748 662 3804 exinde
684 3749 820 3805 uoditiam
841 3749 946 3805 domno
968 3749 1027 3818 regi
1049 3754 1078 3804 ut
1098 3750 1253 3816 relaxetur3
1283 3751 1323 3806 sie
1345 3757 1437 3806 tamen

380 3852 411 3906 ut
429 3845 505 3905 dicat
524 3845 553 3902 in
576 3846 644 3918 ipso'
658 3855 871 3915 sacramentum,
895 3846 970 3934 quod
992 3861 1049 3902 non
1064 3847 1297 3905 consentiendum
1319 3847 1354 3904 ad
1370 3847 1438 3905 ami-

380 3961 457 4010 cum,
482 3960 539 4000 aon
560 3945 596 4001 ad
617 3952 781 4018 parentem,
805 3960 861 4001 non
884 3944 918 4000 ad
939 3944 1077 4016 premium
1098 3953 1261 4018 corruptus,
1286 3946 1339 4002 nisi
1361 3946 1437 4020 quod

378 4049 454 4099 certo
476 4041 545 4098 sciat
565 4041 641 4114 quod
662 4049 759 4099 contra
780 4042 917 4099 rationem
939 4043 1038 4098 tullum
1060 4049 1118 4099 est:
1139 4049 1178 4112 et,
1201 4061 1264 4100 cum
1287 4043 1368 4100 uobis
1389 4060 1438 4116 pa-

377 4139 480 4207 ruerit,
501 4141 666 4198 retensitum
685 4158 737 4213 per
757 4147 880 4198 nostram
905 4140 1059 4213 jussionem
1080 4140 1229 4212 relaxetur.
1271 4141 1341 4198 llem
1362 4143 1437 4200 unde

379 4246 460 4296 antea
478 4238 634 4312 jussemus,
653 4256 716 4326 xper
736 4246 887 4310 sexagenta
907 4255 997 4296 annus
1018 4239 1154 4312 inquirire
1179 4239 1317 4313 possessio
1339 4240 1379 4296 de
1395 4239 1437 4312 pi-

378 4337 460 4402 cuaia
481 4337 635 4409 puplicam:
655 4354 706 4410 pro
727 4354 761 4394 eo
782 4337 857 4410 quod
870 4338 991 4410 peccatis
1007 4337 1214 4395 inmeneatihus
1236 4339 1272 4394 de
1286 4345 1437 4408 sexagenta

379 4434 460 4492 annis
482 4434 587 4507 aliquid
609 4452 666 4492 noa
687 4444 924 4505 commemorant,
949 4443 982 4507 ⁴et
1002 4435 1083 4502 pauci
1103 4435 1282 4493 inveniuntur
1303 4436 1350 4510 qui
1377 4443 1437 4492 tan-

377 4540 420 4590 tus
441 4549 531 4591 annus
552 4533 668 4606 habeat,
692 4533 729 4592 ita
750 4534 908 4601 statuimus,
932 4542 981 4605 ut,
1004 4541 1120 4618 excepto
1142 4535 1190 4609 qai
1208 4535 1266 4608 jam
1287 4551 1338 4608 per
1355 4534 1437 4608 justi-
