3172 5228
476 533 614 580 nurerum
638 533 704 581 car.
727 526 866 574 teu-¹⁷⁰.
1156 511 1199 576 23

219 687 307 746 leti.
342 686 380 744 ·Si
401 685 464 760 quis
484 685 586 742 dixerit
606 683 641 740 ds
662 698 779 741 exorem
799 681 939 749 alienam,
961 681 1039 756 quod
1067 679 1199 738 mundus

140 788 175 845 ad
195 787 286 861 ipsum
306 790 466 860 perteneat,
499 799 565 840 nam
586 798 643 838 non
665 781 701 838 ad
721 781 868 852 maritum,
900 788 967 838 tunc
986 780 1033 837 ille
1060 779 1109 852 qui
1137 795 1199 837 eam

140 885 217 942 babit
237 901 351 941 uxorem
372 888 486 957 preveat
506 886 711 953 sagramentum
733 897 796 937 cum
816 880 968 950 legetemcs
983 878 1200 950 sagramentales

139 999 204 1040 suos
224 983 389 1047 duodicem,
422 981 498 1054 qucd
519 981 554 1038 dc
575 984 652 1036 certo
673 977 789 1036 dominc
810 977 956 1034 mundium
976 976 1063 1050 ipsius
1083 973 1197 1044 fecissit,

140 1089 168 1138 et
195 1097 253 1138 nen
275 1095 340 1137 eum
360 1079 437 1138 alleri
459 1095 511 1152 per
537 1080 627 1150 legem
647 1077 787 1138 dimittere
814 1077 921 1134 deveat.
965 1075 994 1131 Si
1017 1074 1070 1131 boc
1090 1072 1196 1142 fecerit,

139 1181 240 1238 babeat
264 1184 292 1234 et
313 1179 433 1244 fruatur;
457 1177 520 1250 quia
543 1177 675 1250 injustum
696 1177 810 1232 sedetur
829 1191 909 1244 esse,
936 1181 968 1230 ut
988 1180 1043 1230 tam
1063 1170 1199 1244 grandem

139 1293 249 1335 causam
270 1277 321 1334 sub
343 1293 428 1332 unum
448 1282 555 1332 scutum
577 1290 627 1347 per
647 1289 741 1346 pugna
762 1273 925 1330 dimittetur.

217 1376 306 1434 100.
329 1373 383 1448 (De
394 1377 540 1447 suspitione
559 1375 590 1430 tn
601 1375 731 1429 meritum
744 1374 817 1443 qnod
831 1385 940 1428 ereren
952 1387 1030 1428 asem
1042 1371 1198 1450 dedidiscit.)

139 1475 169 1532 Sl
191 1481 333 1547 suspectus
355 1473 437 1529 fuerit
457 1472 533 1545 quod
553 1470 669 1528 maritus
690 1486 805 1526 uxerem
821 1485 899 1526 suam
917 1469 1066 1537 occidissit‚
1090 1469 1127 1528 ila
1143 1472 1200 1531 dis·

138 1575 296 1641 cernimus,
318 1579 349 1628 ul
370 1571 498 1643 purificet
518 1586 547 1626 se
567 1568 683 1639 maritus
704 1583 767 1624 cum
787 1568 1002 1640 sagramentales
1023 1585 1089 1625 suns
1108 1570 1200 1642 legiti-

138 1687 211 1737 mus,
233 1671 309 1744 qued
331 1670 431 1726 mixtos
452 1669 481 1726 in
504 1675 593 1724 morte
613 1666 701 1739 ipsius
721 1665 846 1722 mulieris
865 1681 925 1721 ¹unu
947 1664 1053 1736 fuissit,
1076 1684 1129 1724 nee
1149 1685 1200 1742 per

137 1786 167 1825 se
196 1785 249 1825 nec
278 1783 328 1840 per
348 1766 489 1841 subposita
511 1781 650 1838 persona:
674 1770 702 1819 et
721 1762 757 1820 sit
776 1763 917 1819 exsolutus
938 1763 974 1818 ab
995 1764 1049 1821 bec
1069 1766 1197 1832 crimem
1219 1838 1222 1847 Ι

138 1867 204 1940 quie
223 1866 374 1922 absordum
390 1873 418 1922 et
434 1865 552 1938 impium
571 1863 772 1932 vedeturesse,
793 1867 825 1917 ut
845 1862 913 1918 tales
922 1877 1020 1918 causas
1039 1861 1091 1918 sub
1111 1879 1198 1922 unum

137 1971 244 2024 scutum
265 1981 317 2037 per
337 1979 459 2036 pugnam
481 1961 645 2021 dimittatur.

215 2065 297 2120 rur.
320 2060 375 2133 (De
394 2063 493 2131 fratres
513 2063 561 2132 qui
580 2062 611 2116 in
631 2076 722 2118 casam
742 2073 907 2114 cmnmenem
925 2039 1133 2133 renmmerent.)
1166 2057 1197 2118 Si

137 2160 234 2217 fratres
263 2166 325 2232 post
354 2168 473 2216 mortem
502 2158 588 2231 patris
612 2157 642 2215 in
664 2173 727 2214 cesa
752 2171 903 2213 commune
934 2156 1140 2225 remanserint,
1170 2165 1199 2216 et

137 2274 266 2314 uuus1ex
286 2257 354 2330 ipsis
374 2258 404 2314 in
426 2255 592 2329 obsequium
612 2255 687 2326 regis
706 2258 754 2311 aut
776 2252 879 2326 judicis
900 2252 1007 2325 aliquas
1028 2269 1073 2312 res
1092 2253 1199 2328 adque-

137 2355 231 2412 sircrit
241 2355 428 2420 serviendum,
453 2354 553 2410 babeat
568 2352 620 2410 sibi
634 2353 663 2410 in
680 2357 760 2409 antea
777 2352 882 2424 absque
896 2351 1055 2424 portionem
1069 2350 1195 2412 fratrum.

137 2455 174 2510 Et
187 2453 234 2526 qui
252 2454 324 2509 foras
345 2452 373 2508 in
392 2453 544 2508 exercitum
566 2450 665 2525 aliquit
684 2448 873 2523 adquisiverit,
896 2465 1074 2508 communem
1089 2449 1124 2508 sit
1144 2452 1199 2509 fra-

137 2551 224 2608 tribus
246 2551 321 2624 quod
342 2551 371 2606 in
387 2565 449 2606 casa
463 2566 612 2607 commune
630 2548 773 2608 dimiserit
795 2547 868 2605 Etsi
884 2547 946 2621 quis
960 2565 995 2605 ex
1004 2548 1197 2623 suprascriptis

137 2649 266 2706 fratribus
287 2646 445 2719 qairelbinx
466 2648 571 2717 fecerit,
594 2647 695 2708 babeat
715 2647 744 2703 in
766 2653 847 2706 antea
868 2645 1030 2705 calfactum
1046 2646 1144 2706 fuerits
1161 2647 1198 2704 Et

136 2748 184 2820 qul
206 2764 239 2803 ex
261 2745 327 2819 ipsis
348 2763 464 2803 exorem
486 2745 613 2814 duxerit,
646 2745 730 2804 etde
751 2747 833 2802 rebus
854 2760 1019 2801 communes
1038 2751 1113 2802 mete
1133 2745 1197 2802 data

135 2844 232 2902 fuerit:
245 2844 359 2916 qnando
376 2844 454 2900 alteri
473 2843 587 2916 quidem
603 2859 717 2899 exorem
730 2842 827 2899 tollere
838 2841 999 2912 contigerit,
1021 2849 1069 2900 aut
1082 2842 1197 2915 quande

135 2943 170 2999 ad
192 2941 356 2998 diuisionem
376 2942 533 2998 faciendam
553 2940 677 3011 venerit,
706 2939 790 2996 simili
811 2939 896 2996 mcdo
918 2939 953 2996 de
974 2954 1093 2997 cumune
1113 2940 1196 2999 rebus

135 3038 299 3097 refundatur
318 3040 343 3096 ei
365 3040 420 3097 alio
439 3047 556 3108 butum,
579 3045 714 3112 quantum
734 3038 818 3094 frater
837 3037 868 3108 in
888 3043 961 3094 meta
979 3036 1066 3094 dedit.
1089 3037 1132 3094 De
1148 3053 1196 3110 pe·

135 3144 213 3194 terna
235 3144 326 3193 autem
347 3137 390 3194 vel
411 3145 535 3194 materne
556 3136 708 3194 substantia
731 3135 807 3208 qued
822 3134 940 3192 relicum
955 3133 1048 3204 fuerit,
1070 3133 1145 3193 inter
1164 3151 1194 3192 se

135 3236 289 3310 aequaliter
310 3233 443 3292 dividant.

213 3335 300 3392 108.
323 3330 376 3407 (De
402 3333 610 3390 ecnedtteticne
628 3327 774 3403 tiliarum.)
816 3327 891 3388 llulli
912 3329 995 3389 leciat
1020 3331 1081 3390 sine
1106 3335 1195 3388 certas

134 3433 229 3504 culpas
246 3423 347 3488 'lilium
373 3447 453 3488 suurn
481 3427 670 3498 exeredilare,
701 3443 754 3484 nec
774 3428 851 3500 quod
872 3427 899 3486 ei
925 3445 976 3502 per
996 3428 1059 3500 lege
1079 3428 1195 3486 debetur

134 3529 181 3586 alii
202 3529 330 3600 thingarc

214 3628 302 3687 100.
325 3624 381 3701 (De
395 3627 485 3698 justas
506 3617 624 3695 culpes.)
662 3622 754 3680 fustes
774 3630 867 3680 antem
888 3622 982 3697 culpas
1002 3622 1052 3682 has
1072 3639 1131 3682 esse
1153 3623 1194 3682 di-

135 3740 229 3784 cemus
249 3721 461 3782 exbereditandi
479 3720 584 3777 lilium:
608 3718 631 3777 si
652 3720 726 3780 lilius
742 3729 839 3778 cantra
854 3721 974 3780 animam
994 3722 1193 3793 autsnnguinis

135 3823 206 3895 patri
226 3821 372 3879 insidiatus
400 3827 447 3878 aut
467 3817 627 3876 consiliatus
647 3818 748 3891 fuerit,
778 3828 825 3878 aut
851 3820 874 3878 sl
901 3829 1007 3894 patrem
1028 3819 1194 3892 percusserit

136 3920 316 3988 voluntariae,
339 3926 387 3976 aut
399 3919 422 3976 si
442 3933 505 3977 cum
520 3915 649 3974 matrinia
663 3935 722 3989 sua,
742 3918 771 3978 id
787 3925 829 3974 est
844 3919 1005 3988 nubercam,
1026 3916 1191 3989 peccaverit,

131 4019 204 4090 juste
225 4037 241 4074 a
262 4024 339 4090 patre
360 4015 584 4072 exheredidetur.

213 4117 297 4175 110.
340 4115 408 4172 ltenr
429 4113 499 4170 sicut
515 4129 571 4171 ¹nec
593 4111 716 4185 patribus
736 4111 843 4169 licitum
863 4119 905 4170 est
921 4112 1009 4171 lilium
1029 4127 1111 4170 suum
1131 4113 1193 4171 siue

131 4215 232 4287 justam
254 4229 365 4270 cansam
386 4219 433 4268 aut
452 4214 534 4286 culpa
554 4210 763 4282 exhereditare,
795 4209 833 4268 ita
853 4228 906 4271 nec
926 4211 1000 4270 filius
1020 4213 1110 4271 leceat
1130 4212 1190 4269 viro

134 4319 213 4386 patre
242 4310 406 4383 cuicumque
434 4326 479 4368 res
508 4325 569 4368 suas
597 4307 743 4380 thingare,
775 4316 822 4366 aut
848 4326 900 4386 per
919 4310 1062 4385 quedlevit
1081 4311 1191 4376 titulum

134 4411 277 4475 alienare;
311 4407 364 4464 uisi
391 4407 462 4464 forte
490 4408 563 4466 filius
583 4415 630 4466 aut
649 4407 720 4467 filias
740 4407 877 4480 legitimas
896 4416 944 4469 aut
962 4408 1037 4469 filim
1058 4409 1191 4471 naturalis

135 4506 290 4582 reliquerit,
314 4512 344 4564 ut
363 4505 432 4580 ipsis
452 4507 605 4588 secundum
625 4509 716 4579 legen
737 4507 881 4586 conseruit
