3172 5228
396 529 440 594 Ἀ
793 541 1064 592 xomxrrxenre

396 698 486 772 gltimi
507 697 605 756 unoiee
625 698 706 768 duur,
727 695 805 770 quod
826 702 868 754 eet
887 700 964 774 texte
983 709 1066 770 pore:
1089 701 1117 752 et
1137 692 1159 751 ei
1180 691 1303 767 pereutit
1327 707 1385 748 non
1411 688 1455 744 lu-

396 803 486 863 erent,
509 796 594 854 curtio
614 795 691 866 regie
711 794 785 867 ipses
805 793 874 855 dure
895 793 990 850 unciee
1011 793 1153 867 eueoipiut.

475 895 566 953 160.
607 893 638 950 Si
659 892 721 967 quis
742 891 922 966 dereliquerit
941 890 1012 948 llliae
1028 891 1166 962 legitimas
1183 905 1267 946 unum
1288 886 1453 957 empturos,

397 1001 425 1051 et
444 1008 554 1050 sorores
574 990 717 1063 legetimue
739 1007 823 1048 unum
844 996 891 1047 eut
910 991 1021 1063 plures,
1053 995 1082 1046 et
1107 988 1182 1046 filius
1209 985 1341 1044 noturolie
1369 991 1455 1040 unum

397 1097 444 1148 tut
463 1091 567 1165 plures,
591 1090 690 1146 tollunt
705 1088 780 1146 illiue
801 1094 829 1144 et
844 1103 955 1144 sorores
969 1087 1043 1144 inter
1063 1103 1092 1144 ee
1108 1085 1262 1159 aequaliter
1275 1081 1455 1140 dividendum

396 1189 492 1246 unciae
522 1205 585 1258 sex,
617 1186 695 1260 quod
712 1189 757 1243 'est
776 1185 932 1251 medietur3
966 1185 1098 1243 naturalis
1124 1183 1175 1242 lilii
1196 1181 1293 1240 unoiue
1315 1188 1454 1254 quattuor,
1578 1251 1579 1260 ἵ

396 1287 474 1361 quod
494 1292 536 1344 eet
548 1285 659 1347 tertiam
680 1289 763 1358 p'uru
786 1290 814 1340 et
834 1284 902 1341 dum
917 1283 1013 1340 uncins
1028 1283 1150 1357 parentis
1164 1279 1457 1352 legitimiuuteurtit
1553 1288 1558 1298 ’
1578 1273 1579 1328 l

396 1385 473 1457 regio
498 1384 526 1442 ei
548 1383 671 1458 purentie
700 1381 817 1454 legitimi
848 1399 905 1440 uon
927 1382 1054 1451 luerent,
1086 1381 1162 1454 quod
1190 1386 1232 1436 est
1258 1385 1363 1434 sextum
1381 1395 1456 1451 pere.

396 1483 452 1542 Pro
473 1481 590 1539 mundio
612 1487 703 1538 eutem
724 1479 973 1554 suprascriptorum
999 1481 1100 1536 tollunt
1124 1475 1256 1537 netumlie
1277 1476 1327 1533 tilii
1349 1477 1457 1536 tertium

396 1587 515 1656 portem,
537 1587 566 1637 et
585 1578 696 1636 heredis
716 1578 840 1650 legetimi
861 1584 909 1635 out
928 1577 1012 1635 curtis
1031 1577 1091 1650 regi
1113 1577 1197 1650 partis
1218 1575 1296 1634 dues.

476 1679 558 1736 1⁸1.
580 1674 633 1752 (De
658 1679 770 1734 mundio
795 1679 868 1733 inter
897 1678 1027 1748 legitimos
1056 1683 1081 1732 et
1100 1679 1259 1754 naturales.)
1303 1679 1333 1737 Si
1355 1681 1459 1738 luerint

397 1774 449 1834 lilii
469 1773 588 1847 legitimi
608 1781 637 1830 et
656 1774 707 1831 lllii
728 1775 871 1839 naturalis,
895 1779 923 1830 et
943 1790 1053 1830 sorores
1073 1779 1130 1830 tom
1147 1775 1285 1846 legitimos
1305 1793 1389 1852 quem
1410 1795 1459 1836 nr·

398 1873 503 1944 torulis,
525 1888 577 1946 pro
597 1871 715 1929 mundio
736 1888 832 1929 eurum
849 1872 948 1928 tollunt
968 1870 1085 1942 legitimi
1107 1872 1158 1929 lilii
1178 1882 1270 1947 partes
1289 1876 1378 1942 duee,
1408 1893 1458 1934 ne-

396 1970 492 2028 tumlie
513 1987 578 2027 vero
598 1976 707 2042 portem
726 1969 847 2036 tortium.

477 2070 564 2127 lou.
605 2067 636 2124 Si
657 2067 768 2124 luerent
787 2067 837 2124 lilii
858 2066 982 2138 legetimi
1004 2071 1033 2122 et
1053 2069 1184 2126 naturalis
1205 2070 1261 2126 duo
1286 2078 1333 2128 eut
1352 2073 1457 2145 plures,

398 2173 426 2225 et
453 2165 609 2237 contugerit
637 2182 716 2224 cutus
743 2172 774 2222 ut
794 2181 866 2222 unus
892 2181 927 2222 ex
946 2165 1079 2221 naturalis
1100 2166 1208 2223 occisus
1229 2168 1327 2238 luerit,
1359 2171 1461 2227 tollunt

397 2263 515 2336 legitimi
536 2264 633 2324 lrntree
653 2279 705 2338 pro
721 2263 917 2336 conpositione
938 2263 1013 2322 illiue
1033 2269 1126 2336 partes
1145 2265 1223 2335 duee,
1246 2267 1379 2324 naturalis
1394 2283 1460 2325 vero
1542 2267 1544 2274 '

398 2362 447 2437 qui
468 2362 653 2420 remuneen‘nt
672 2369 779 2436 portem
801 2361 929 2427 tertium3
963 2361 1077 2418 incultos
1109 2378 1175 2419 vero
1200 2362 1275 2420 illiue
1301 2365 1402 2422 mortui
1423 2367 1460 2422 ed

397 2446 555 2533 legitimum
580 2461 693 2518 fratrem
720 2466 889 2528 revertetur,
924 2476 988 2517 uum
1011 2477 1067 2516 non
1090 2460 1125 2516 ud
1146 2461 1290 2521 naturalis.
1332 2463 1400 2520 ideo
1420 2465 1459 2522 ite
1578 2505 1579 2508 ,

398 2559 597 2635 praevidimus,
615 2563 729 2631 propter
744 2556 817 2614 luido
834 2557 1013 2630 deponendo,
1025 2557 1111 2626 idest
1121 2559 1267 2626 inimicitia
1278 2561 1458 2634 poeilieenda.

478 2658 564 2714 10⁸.
606 2653 637 2711 Si
658 2652 721 2726 quis
742 2653 771 2712 iu
786 2661 875 2712 morte
891 2657 1053 2727 parentibus
1066 2639 1130 2713 'suis
1146 2657 1292 2714 insidiatus
1314 2658 1406 2728 luerit,
1429 2657 1459 2714 id

400 2759 442 2812 eet
461 2754 485 2811 ei
504 2753 589 2811 lenter
608 2753 639 2809 in
660 2758 749 2810 morte
769 2751 847 2810 iratri
868 2769 930 2824 suo,
953 2761 999 2811 eut
1013 2755 1161 2825 homones,
1185 2755 1262 2829 quod
1281 2761 1323 2812 est
1342 2757 1460 2828 patruis,

400 2867 450 2909 reu
469 2850 631 2908 consubrini
642 2848 788 2909 insidietur
803 2857 849 2908 rut
859 2851 1022 2908 consiliatur
1032 2853 1125 2923 luerit,
1147 2859 1177 2909 et
1191 2853 1238 2910 ille
1254 2853 1298 2909 eui
1314 2853 1462 2912 insidietur
1578 2841 1579 2848 ἵ

400 2949 474 3008 lilius
496 2966 553 3007 nou
574 2948 765 3022 dereliquerit,
788 2965 847 3005 non
868 2949 903 3005 sit
924 2949 965 3008 illi
982 2951 1104 3021 heredis,
1127 2951 1204 3023 cujus
1225 2951 1260 3007 de
1287 2949 1379 3008 anime
1404 2959 1460 3010 tre·

400 3048 498 3119 eterit,
521 3045 575 3103 uiri
594 3045 643 3104 elii
663 3051 793 3120 parentet
812 3045 977 3120 proximuet
1005 3055 1037 3105 et.
1059 3047 1083 3104 si
1103 3055 1232 3122 parentes
1252 3049 1394 3121 proximus
1414 3059 1467 3108 eut
1578 3051 1579 3126 l

400 3145 542 3218 legitimus
563 3161 621 3201 nou
639 3143 778 3216 hebuerit,
796 3151 862 3204 tuno
879 3145 921 3202 illi
938 3145 1022 3209 ourtie
1036 3147 1113 3216 regia
1125 3147 1264 3207 suecedet.
1287 3149 1327 3206 lle
1338 3149 1460 3206 animem
1578 3157 1579 3200 t

400 3249 493 3302 autem
512 3241 588 3301 illiue
607 3240 747 3300 homicide
768 3241 804 3300 eit
829 3241 859 3300 iu
880 3249 1046 3316 potestatem
1074 3244 1149 3316 regie
1166 3243 1292 3317 judicare
1314 3247 1390 3318 quod
1417 3246 1460 3307 illi
1578 3237 1579 3258 ¹

400 3341 545 3414 placuerit.
588 3339 641 3395 iles
661 3355 728 3395 vero
750 3355 818 3412 quur
838 3340 981 3398 humioido
1002 3342 1133 3416 reliquid,
1157 3344 1280 3418 parentis
1292 3344 1411 3417 proximi
1431 3351 1461 3401 et

400 3437 523 3508 legetimi
543 3437 684 3502 hobeent3
701 3442 735 3494 et
754 3437 778 3494 si
799 3445 927 3510 parentes
948 3439 1068 3513 proximi
1091 3459 1148 3500 non
1171 3445 1295 3514 luerent,
1327 3451 1394 3500 tuno
1414 3458 1459 3498 res

400 3533 488 3609 ipsine
509 3535 592 3592 curtis
613 3533 690 3605 regio
709 3534 859 3596 socientur.
1578 3567 1579 3604 ᾗ

468 3635 567 3728 Ι164.
588 3628 632 3706 (St
653 3634 713 3703 qne
733 3635 767 3688 de
795 3634 850 3690 atto
871 3636 973 3692 diruit
993 3640 1065 3708 qood
1093 3642 1126 3696 de
1146 3643 1381 3699 adulteriumne
1399 3637 1459 3714 stt.)
1578 3655 1579 3712 t

401 3731 432 3790 lii
454 3731 516 3806 quir
537 3729 765 3803 expuentibus,
787 3729 817 3787 id
838 3733 1007 3803 esthamoe,
1029 3737 1105 3807 quod
1126 3745 1169 3794 est
1184 3746 1309 3811 patruus,
1332 3746 1379 3796 eut
1398 3739 1460 3812 qui·
1578 3785 1579 3806 ἶ

401 3845 521 3904 eumque
542 3845 577 3886 ex
596 3826 748 3902 proximis,
772 3827 873 3888 dixerit
897 3830 933 3886 de
955 3838 1055 3903 nepote
1077 3849 1126 3890 suo
1152 3843 1199 3892 out
1219 3837 1389 3910 consopriuo
1409 3835 1460 3894 do·
1578 3807 1579 3842 ἱ

400 3930 462 3986 loeo
480 3925 585 3993 animo,
608 3926 685 4000 qnod
702 3925 738 3982 de
752 3920 889 3985 adulterio
908 3935 988 3985 uatus
1000 3929 1046 3996 rit,
1069 3948 1135 3988 nrm
1149 3949 1205 3990 non
1223 3935 1258 3993 de
1269 3942 1346 3992 certo
1361 3941 1457 4009 patre:
1578 3945 1579 3956 ¹

401 4033 467 4085 tuno
486 4025 547 4084 ille'
563 4025 608 4084 eui
635 4024 741 4083 erimeu
762 4025 880 4083 mittitur
900 4033 998 4100 queret
1016 4028 1071 4086 sihi
1092 4029 1201 4088 liberos
1221 4030 1350 4090 homines
1369 4049 1460 4090 secra·
1578 4007 1579 4048 ³

400 4125 552 4196 mentales,
582 4130 611 4181 et
629 4124 762 4199 praebent
782 4133 985 4186 sacramentum
1005 4128 1080 4201 quod
1102 4128 1175 4186 filius
1195 4129 1336 4200 legitimos
1356 4129 1409 4200 eit,
1431 4137 1459 4188 et

401 4224 598 4299 perlegeres
619 4218 694 4296 ipe'es
714 4223 751 4281 od
771 4239 835 4282 eum
856 4230 1018 4298 perteneat,
1050 4243 1102 4284 nee
1129 4229 1207 4286 oltui
1229 4244 1275 4284 ees
1295 4244 1347 4300 per
1366 4229 1457 4300 legem

402 4321 542 4380 dimittere
559 4321 668 4384 debeat.
690 4321 721 4380 Si
742 4323 796 4380 hoo
814 4321 920 4390 lecerit,
944 4324 1044 4382 hohen
1064 4331 1092 4382 et
1109 4325 1231 4384 fruetur:
1254 4325 1320 4399 quie
1334 4341 1416 4398 greve
1431 4333 1458 4382 et

401 4419 519 4496 impium
540 4418 654 4477 vedetur
673 4436 748 4493 erse,
779 4426 811 4478 ut
837 4422 905 4480 tolet
932 4437 1014 4482 cuuto
1041 4423 1093 4480 rub
1114 4439 1171 4480 uno
1191 4431 1298 4482 scutum
1318 4440 1370 4498 per
1389 4441 1457 4498 pug-

405 4534 468 4575 nam
489 4517 651 4577 dimittatur.
