3172 5228
478 555 617 599 nnsonuu
641 553 708 599 orn.
724 549 864 594 atu-nso.
1159 534 1203 597 39

229 703 318 762 ma
360 705 389 762 Si
410 704 481 762 liber
500 704 586 760 bomo
597 719 714 778 puerum
736 709 782 760 ant
801 717 908 759 servum
924 719 1006 760 snum
1022 702 1093 759 iurtu
1111 703 1200 761 iacere

147 801 268 874 jusserit,
292 802 398 874 etipse
420 801 506 857 furtos
526 801 654 859 inventus
676 801 777 870 luerit,
800 799 853 857 sibi
874 815 978 857 nonum
1000 807 1151 874 conponat,
1174 808 1202 858 et
1282 870 1284 874 Ι

150 901 265 956 alterum
287 907 392 956 mutum
412 899 446 954 ad
468 899 572 956 curtem
593 899 666 971 regis
683 899 839 972 persolvat3
862 899 927 972 quia
942 899 1119 954 inhonestum
1141 913 1201 954 esse

151 998 263 1053 vedetur
284 1005 311 1052 et
332 997 399 1053 nulli
421 998 460 1053 rei
479 997 609 1053 convenit
622 997 734 1063 rationi,
758 1004 788 1053 ut
806 998 890 1053 homo
907 997 978 1054 liber
998 1013 1027 1052 sc
1048 997 1077 1051 in
1099 997 1200 1054 lurtum

150 1093 249 1150 debeat
270 1094 379 1173 misceri
400 1102 446 1150 out
467 1111 633 1151 consensum
654 1111 779 1167 prevere.
813 1103 815 1108 ’
1061 1093 1065 1104 ’

224 1193 323 1250 '2⁰⁰0
366 1193 393 1248 Si
416 1193 477 1265 quis
498 1209 593 1251 aurum
615 1200 661 1250 aut
688 1193 769 1250 vestis
790 1209 837 1249 seu
859 1191 980 1263 qualevis
998 1201 1057 1248 rem
1078 1191 1108 1248 in
1130 1193 1200 1250 viam

149 1289 302 1356 invenerit,
331 1299 358 1347 et
386 1306 468 1363 super
489 1290 646 1361 geniculum
667 1287 814 1356 levaverit,
845 1295 872 1344 et
899 1305 955 1344 non
982 1290 1202 1348 manetestaverit

148 1395 195 1444 aut
215 1389 249 1444 ad
266 1389 387 1462 judicem
410 1406 466 1446 non
488 1389 642 1458 adduxerit,
666 1389 717 1445 sibi
739 1403 845 1444 nonum
865 1387 971 1446 reddat.
1029 1423 1033 1430 ·

228 1488 312 1545 8⁰1.
354 1487 383 1546 Si
405 1503 498 1544 servus
519 1488 585 1544 dum
606 1487 706 1546 ancilla
728 1487 818 1544 aliena
840 1487 946 1543 habens
962 1499 1075 1542 uxorem
1095 1486 1198 1544 turtum

148 1584 254 1652 lecerit,
277 1592 305 1640 et
324 1585 453 1642 ancillam
474 1591 520 1641 aut
540 1585 614 1641 lilius
634 1597 726 1641 servus
741 1585 846 1640 alienus
863 1583 998 1654 nutrierit,
1021 1599 1131 1639 omnem
1144 1583 1201 1640 lur-

150 1689 207 1738 tum
228 1682 304 1755 quod
324 1683 419 1739 iecerit
439 1697 532 1739 servos
554 1687 712 1755 conponat,
743 1697 806 1738 nam
829 1679 897 1737 nihil
930 1685 1071 1753 repetetur
1091 1679 1125 1736 in'
1142 1683 1199 1739 cul-

148 1795 211 1852 pam
233 1779 333 1836 necin
355 1780 566 1837 damnositatem
590 1777 706 1836 ancillae
727 1780 770 1836 vel
791 1777 856 1834 tiliis
877 1777 943 1850 ejus.
975 1778 1094 1834 Tantum
1116 1785 1157 1834 est
1176 1777 1199 1836 si

147 1876 247 1933 ancilla
274 1883 320 1933 aut
349 1877 398 1932 filii
420 1876 500 1933 simul
526 1893 588 1934 cum
609 1883 690 1950 pater
708 1875 742 1933 nd
763 1876 865 1932 lurtum
886 1875 1043 1932 laciendum
1064 1891 1120 1931 non
1142 1891 1200 1932 am-

147 1973 297 2036 bolav‘erite
319 1991 384 2030 nam
406 1974 427 2030 si
450 1975 554 2043 lecerit,
578 1974 687 2032 ecmelis
708 1973 748 2030 illi
770 1972 932 2030 efficiantur.

226 2074 314 2128 26².
357 2073 385 2128 Si
407 2089 500 2129 servus
521 2073 587 2130 dum
618 2073 646 2128 in
674 2073 737 2143 luga
765 2078 806 2128 est
825 2070 932 2143 positus
952 2083 996 2126 res
1016 2071 1121 2142 aliquas
1141 2069 1201 2126 cui-

146 2167 211 2224 levit
232 2169 374 2226 hominum
397 2171 613 2241 emendaverit,
636 2153 787 2244 posteaque
807 2169 937 2242 proprius
957 2161 1086 2224 dominos
1108 2169 1199 2242 requi·

146 2263 251 2334 siverit,
274 2273 300 2320 et
321 2267 367 2324 ille
387 2267 434 2340 qui
457 2269 576 2340 suscepit
596 2267 773 2339 denegaverit
794 2273 822 2322 et
835 2272 930 2339 postea
947 2265 1090 2322 inventurn
1105 2266 1196 2336 luerit,

145 2379 196 2435 pro
219 2363 319 2419 lurtum
340 2381 387 2422 eas
408 2365 512 2422 reddat.
549 2373 552 2380 ’

223 2463 312 2519 868.
355 2461 385 2518 Si
406 2464 498 2534 plures
518 2462 646 2519 homiues
667 2461 769 2517 lurtum
790 2461 925 2518 inunum
947 2460 1069 2516 fecerent
1089 2465 1143 2516 tam
1163 2459 1199 2516 li·

144 2557 204 2613 beri
226 2575 308 2630 qnam
330 2561 418 2628 servi,
442 2563 529 2617 leceat
550 2577 598 2616 eos
619 2560 641 2616 si
662 2560 806 2616 noluerent
827 2575 856 2615 se
876 2558 988 2614 insimul
1009 2557 1147 2627 adunare,
1170 2563 1199 2615 et

145 2653 247 2710 dutum
265 2656 357 2728 ipsum
378 2659 406 2714 in
423 2657 545 2729 actogild
558 2657 684 2718 reddere.
703 2657 739 2713 ⁴Si
760 2657 822 2730 quis
842 2673 872 2712 se
893 2671 926 2712 ex
945 2657 1011 2728 ipsis
1025 2655 1196 2726 deriderent,

144 2768 195 2824 pro
216 2769 245 2808 se
267 2760 374 2811 tautum
386 2754 494 2826 legibus
510 2763 662 2829 conponat,
684 2756 714 2812 id
735 2761 776 2811 est
797 2754 886 2826 ipsum
903 2754 1003 2808 lurtum
1016 2753 1067 2808 sibi
1082 2767 1197 2813 nonum.
1247 2823 1258 2835 .
1311 2757 1314 2770 '

224 2852 313 2909 264·
355 2853 384 2909 Si
412 2853 483 2910 liber
507 2860 553 2908 aut
582 2867 676 2933 servus
696 2851 814 2908 voluerit
841 2851 907 2907 loris
934 2850 1074 2922 provincia
1098 2847 1195 2922 fugire,

144 2953 173 3002 et
190 2947 286 3020 judex,
310 2957 356 3004 aut
370 2949 546 3022 quicumque·
558 2949 586 3005 io
608 2949 672 3007 finis
686 2948 844 3021 provinciae
857 2948 970 3016 resedit,
994 2961 1059 3002 eum
1070 2946 1195 3019 proserit,

145 3051 238 3101 wneat
257 3059 335 3114 cum,
368 3055 396 3102 et
416 3061 460 3102 res
481 3037 549 3119 quas
577 3061 668 3102 secum
691 3045 820 3102 detulerit
846 3046 932 3100 salvas
960 3044 1055 3110 lactat,
1084 3049 1113 3100 ct
1132 3058 1198 3099 mox

144 3142 251 3198 mandit
271 3144 304 3199 ad
323 3143 446 3216 judicem
477 3144 512 3200 de
534 3145 625 3200 locum
645 3143 719 3199 unde
740 3142 828 3226 tugire
859 3141 946 3214 cepit,
979 3140 1107 3214 quatinus
1134 3157 1197 3196 eum

144 3240 274 3312 recipiat,
296 3248 325 3296 et
344 3241 385 3296 dit
406 3257 456 3314 pro
478 3257 563 3298 onum
585 3240 709 3312 iogacem
731 3239 835 3300 solidos
853 3255 892 3309 n,
920 3239 958 3294 ita
979 3244 1008 3294 ut
1032 3253 1096 3294 cum
1115 3237 1197 3294 rebus
1291 3275 1296 3310 ·.

145 3351 214 3409 quas
233 3353 325 3394 secum
347 3338 476 3395 detolcrit
495 3339 635 3398 reddatur.
657 3337 694 3394 Et
713 3338 744 3394 si
757 3337 912 3408 contegerit
932 3353 995 3393 eum
1017 3336 1052 3392 de
1069 3336 1195 3406 legumen
1270 3336 1277 3346 '

145 3434 243 3505 fugire,
267 3442 378 3507 preveat
396 3444 600 3506 sagramentum
621 3437 668 3493 ille
689 3435 736 3509 qui
758 3451 820 3492 eum
842 3435 939 3500 tenuit,
963 3434 1038 3508 quod
1060 3450 1116 3490 non
1138 3439 1197 3490 asto

144 3547 208 3588 eum
228 3533 359 3599 laxassit,
391 3534 440 3589 sed
472 3549 535 3589 cum
564 3540 620 3590 tots
648 3535 775 3592 virtutem
805 3533 944 3590 costodiae
965 3531 1103 3591 voluissits
1135 3539 1198 3604 post

144 3631 237 3685 datum
259 3639 460 3687 sacramentum
481 3647 525 3687 res
546 3649 614 3704 quas
635 3633 661 3688 ei
683 3634 743 3689 tolit
763 3633 872 3699 reddat,-
892 3646 1005 3705 presura
1027 3635 1117 3686 autem
1139 3645 1195 3684 non

145 3733 256 3800 querat,
278 3730 444 3802 etamplius
470 3745 526 3785 non
554 3731 766 3788 calumnientur.
808 3731 844 3786 Et
865 3731 892 3786 si
913 3729 995 3800 fugax
1015 3729 1062 3784 ille
1083 3743 1197 3784 manum

57 3865 60 3870 <
144 3826 178 3882 ad
199 3827 347 3897 legandum
369 3845 425 3884 uon
448 3826 565 3896 dederit,
589 3833 618 3883 ct
637 3827 742 3884 occisus
761 3829 853 3898 luerit,
877 3822 933 3884 non
953 3826 1118 3899 requiratur,
1142 3826 1195 3882 nisi

144 3922 216 3994 ipsas
236 3939 280 3978 res
300 3924 468 3988 reddantur;
498 3932 525 3979 et
551 3925 573 3980 si
596 3925 642 3981 ille
664 3925 711 3997 qui
731 3926 821 3999 ipsum
844 3927 971 3996 fugacem
992 3924 1122 3997 prindere
1148 3940 1196 3980 vo-

143 4020 224 4078 luerit
244 4020 279 4075 ab
300 4019 360 4091 ipso
382 4021 488 4077 occisus
509 4020 601 4090 luerit,
625 4038 677 4078 nec
698 4023 757 4095 ipse
778 4023 942 4095 requiratur.

222 4116 312 4175 m.
334 4114 387 4191 (De
405 4121 564 4189 pertenente
584 4123 631 4189 poi
650 4137 730 4191 super
748 4122 847 4190 fiumen
864 4129 973 4190 portatu
993 4121 1127 4198 custodit.)
1164 4123 1195 4180 si

143 4215 205 4289 quis
234 4216 426 4288 portenarium
447 4216 594 4289 pulsaverit
623 4219 699 4290 quod
726 4218 849 4288 sogacem
878 4218 1019 4276 homiuem
1039 4227 1085 4276 aut
1106 4221 1194 4277 iurem

143 4314 359 4386 transposuissit‚
383 4321 410 4370 et
425 4315 600 4387 portenarius
617 4315 768 4386 negaverit,
789 4317 825 4372 ita
837 4315 1016 4383 dicernimus,
1040 4324 1069 4374 ut
1084 4325 1195 4391 preveat

106 4449 109 4454 ,
143 4412 217 4472 solus
237 4419 442 4483 sagramentum
463 4415 538 4485 quod
560 4413 595 4471 ad
616 4413 816 4471 conscientiam
843 4415 929 4488 ipsius
955 4433 1010 4473 uon
1032 4397 1214 4489 pervenissit

143 4509 219 4583 qood
237 4509 370 4582 ,fugitiuos
386 4517 433 4568 aut
450 4511 560 4582 logaces
572 4511 787 4588 transposuissit,
802 4520 831 4570 et
844 4513 880 4572 sit
893 4516 1033 4572 exsolutus
1048 4514 1193 4580 columma.
