3172 5228
530 493 668 539 uurcruu
691 495 756 545 oar.
773 494 887 538 ru-ru,
1180 485 1223 548 d'f

248 633 299 710 (ff.
321 637 362 694 De
381 641 575 718 homicidium.)
596 639 662 703 eo:
685 645 716 703 si
736 647 798 720 quis
819 648 997 723 liberhomo‚
1020 669 1050 710 se
1068 653 1221 712 defenden-

169 733 254 804 durn,
276 735 395 794 liberum
415 740 558 797 hominem
580 742 728 813 occiderit,
759 745 808 803 etsi
830 756 972 819 provatum
994 749 1076 808 fuerit
1096 752 1172 826 quod
1192 769 1221 810 se
1253 815 1256 824 Δ

167 833 373 892 defendendum
393 837 483 910 ipsum
504 839 646 920 hominem
668 842 817 913 occisessit,
840 845 880 902 sic
900 862 963 903 eom
977 857 1128 922 conponat,
1152 851 1222 908 sicut
1309 889 1311 894 -

166 931 195 987 in
207 931 344 989 anteriore
354 935 453 993 Edicto
463 939 597 1004 contenit,
621 941 698 1012 quod
715 942 853 1012 gloriosae
870 945 1158 1005 memoriaeRorusur
1172 963 1222 1005 rex

166 1029 256 1087 iacere
276 1033 349 1089 visus
370 1042 420 1090 est.
463 1035 532 1091 ff'atn
553 1036 600 1110 qui
622 1053 705 1110 super
724 1039 808 1097 aliurn
831 1043 1026 1113 ambulaverit,
1049 1050 1077 1100 et
1097 1045 1137 1101 sic
1157 1062 1221 1103 eum

166 1144 216 1200 pro
238 1146 413 1203 quacumque
435 1149 516 1189 causa
538 1134 679 1206 occiserit,
702 1154 815 1194 omnem
836 1139 1017 1197 substantiam
1044 1155 1121 1197 suam
1143 1143 1222 1198 emrt-

166 1231 214 1295 tat,
238 1232 265 1283 et
285 1228 406 1284 habeant
425 1230 536 1286 heredis
557 1231 642 1304 ipsius
665 1234 712 1306 qui
735 1235 842 1292 occisus
864 1237 961 1293 fueritt
982 1237 1012 1292 in
1033 1237 1087 1294 hoc
1109 1238 1218 1308 ordine,

164 1323 201 1378 itu
223 1341 289 1381 sane
310 1331 340 1382 ut
361 1326 384 1382 si
405 1327 495 1383 minus
516 1328 599 1385 fuerit
619 1329 679 1402 ipsa
700 1332 852 1391 substantia
872 1334 1045 1400 humicidae,
1069 1351 1151 1409 quum
1172 1351 1222 1392 au-

165 1421 251 1478 terior
271 1423 428 1496 conpositio
450 1433 524 1494 erat,
548 1433 595 1482 aut
618 1427 671 1484 nisi
693 1434 820 1495 tantum,
845 1437 910 1489 tuuc
931 1440 958 1488 et
977 1447 1020 1490 ros
1038 1439 1104 1490 'suas
1124 1433 1222 1507 perdet

163 1517 222 1589 ipse
243 1519 394 1590 homicida,
418 1529 445 1578 et
466 1539 584 1595 persone
605 1525 665 1597 ejus
686 1527 809 1584 tradatur
829 1529 864 1584 ad
887 1531 1060 1603 propinquos
1080 1532 1219 1596 defunctis

165 1635 227 1673 rrum
249 1617 272 1674 'si
294 1619 410 1691 amplius
432 1620 559 1677 habuerit
589 1621 648 1694 ipse
680 1624 821 1682 homicide
853 1628 1023 1698 substantia,
1055 1647 1138 1703 quum
1160 1630 1220 1704 ipsa

162 1717 320 1788 conpositio
347 1717 470 1773 anterior
500 1723 574 1788 erat,
607 1719 715 1777 amittat
735 1738 833 1779 omnes
853 1740 899 1779 res
923 1739 1003 1794 suas,
1036 1732 1064 1782 et
1083 1727 1221 1800 accipiant

163 1814 272 1870 heredis
294 1815 379 1886 ipsius
399 1815 446 1888 qui
469 1816 575 1873 occisus
596 1818 727 1876 fueritin
749 1827 830 1877 antea
852 1827 975 1892 tanturn,
998 1829 1132 1894 quantum
1152 1841 1221 1880 con·

162 1912 262 1983 positio
284 1913 396 1986 antiqua
418 1914 478 1980 fuit,
500 1921 528 1970 et
549 1917 625 1987 quod
647 1918 813 1989 superfuerit
836 1919 1014 1976 medietatem
1036 1921 1138 1978 hebeat
1158 1939 1221 1978 cur-

160 2009 194 2065 tis
215 2010 309 2082 regia,
341 2018 368 2067 et
398 2011 575 2084 medietatem
602 2014 712 2071 heredis
741 2015 884 2073 defuncti:
915 2024 942 2073 et
969 2018 1029 2090 ipsc
1050 2019 1219 2076 humicidam

160 2107 281 2165 animam
301 2125 379 2166 suam
400 2107 503 2168 liberii.

239 2240 319 2317 (III.)
342 2246 400 2299 el.
441 2223 472 2298 *Si
494 2259 588 2299 servus
608 2258 671 2298 cum
692 2245 862 2300 volontatem
884 2243 992 2301 domini
1012 2246 1054 2302 sui
1075 2245 1218 2328 hominem

159 2339 278 2396 liberum
300 2340 444 2408 occiserit,
465 2347 496 2396 ¹et
516 2347 659 2418 provatum
681 2339 778 2409 fuerit,
802 2347 868 2398 tunc
889 2342 947 2415 ipse
969 2343 1099 2426 domiuus
1121 2361 1218 2402 omnes

158 2454 202 2493 res
223 2454 285 2495 suas
306 2419 427 2507 amittat,
459 2437 487 2492 in
514 2455 548 2493 eo
570 2437 669 2495 ordine
691 2438 761 2494 sicut
782 2455 864 2512 supra
886 2441 1026 2498 adnexum
1046 2448 1095 2500 est.
1137 2425 1217 2500 Etsi

157 2535 287 2590 dominus
315 2535 373 2607 ejus
395 2535 537 2605 negaverit
558 2536 634 2608 quod
662 2551 712 2608 per
740 2537 828 2608 ipsius
849 2537 997 2593 consitium
1027 2538 1128 2595 iactum
1159 2556 1216 2596 non

157 2632 262 2701 fuissit,
295 2633 422 2706 purificet
442 2649 471 2689 se
492 2634 527 2691 ad
549 2635 640 2704 legem
659 2635 729 2704 Dei,
753 2641 781 2690 et
802 2643 944 2709 conponat
965 2637 1055 2708 ipsum
1077 2644 1217 2694 mortuum

156 2729 226 2785 sicut
246 2737 327 2787 autea
348 2730 399 2788 fuit
419 2731 604 2800 consuitudo,
636 2738 664 2787 et
684 2731 798 2806 insuper
823 2732 914 2804 ipsum
936 2749 1046 2790 servum
1075 2736 1163 2793 tradat
1186 2736 1214 2792 iu

155 2843 270 2884 manum
290 2828 451 2902 parentibus
473 2828 606 2885 defuncti.
1142 2831 1145 2838 '

235 2986 331 3062 (ΠΗ.)
351 2990 412 3044 u.
430 2985 458 3044 Si
476 2987 575 3044 mulier
593 3003 636 3044 res
653 3003 715 3045 suas
728 2989 921 3044 consentiente
939 2990 998 3045 viro
1011 3005 1061 3046 suo
1079 2999 1126 3048 eut
1140 3007 1217 3048 com·

154 3085 277 3143 munitur
297 3087 449 3142 venundari
471 3085 613 3155 voluerit,¹
634 3086 698 3157 ipse·
721 3086 768 3159 qui
787 3093 891 3142 'emere
912 3087 988 3156 vuit,
1019 3089 1062 3144 vel
1094 3087 1136 3144 iiii
1165 3090 1214 3162 qui

155 3183 288 3252 vindunt,
319 3183 421 3240 faciant
441 3184 577 3240 noditiam
604 3184 640 3240 ad
661 3184 730 3239 duos
751 3185 793 3239 vei
822 3191 877 3239 tres
899 3193 1028 3256 parentes
1049 3180 1134 3258 ipsius
1155 3203 1212 3242 usu·

153 3282 243 3350 lieris,
266 3282 313 3356 qui
335 3283 550 3356 propinquiores
572 3287 646 3339 sunt.
672 3281 705 3337 Et
725 3281 748 3337 si
769 3283 798 3337 in
817 3283 958 3354 presentia
980 3282 1015 3338 de
1031 3282 1212 3356 ipsfspuren·

152 3379 227 3436 tibus
256 3379 313 3436 suis
341 3381 440 3437 mulier
464 3379 515 3437 iffa
546 3379 693 3437 violentias
721 3379 829 3451 aliquas
858 3395 888 3436 se
913 3380 1014 3437 dixerit
1043 3381 1118 3453 pati,
1153 3397 1211 3438 non

152 3477 188 3534 sit
209 3479 336 3535 stabilem
364 3478 442 3551 quod
472 3476 644 3542 vindederit3
674 3494 737 3533 narn
770 3477 792 3533 si
818 3477 847 3533 in
878 3477 1017 3550 presentia
1048 3485 1214 3551 parentuum

151 3592 265 3632 suorum
286 3577 327 3632 vei
346 3575 433 3648 judici
455 3577 502 3648 qui
524 3576 552 3631 in
574 3576 637 3637 loco
658 3574 741 3634 fuerit
757 3574 905 3656 violentias
923 3591 953 3630 se
975 3577 1030 3648 peti
1052 3594 1109 3633 non
1127 3578 1215 3634 recla-

152 3675 284 3744 maverit,
315 3675 368 3731 nisi
389 3675 530 3731 volontate
552 3673 695 3746 suaipsas
715 3689 759 3729 res
780 3689 809 3728 se
832 3673 933 3729 dixerit
953 3675 1123 3738 venundare,
1148 3680 1214 3731 tunc
1241 3677 1244 3683 '

151 3773 187 3829 ab
209 3773 257 3831 ilio
279 3773 341 3829 diae
363 3768 438 3829 or'nni
462 3771 691 3848 temporeflquod
712 3771 871 3827 vindederit
897 3770 995 3827 stabile
1024 3771 1121 3827 deveet
1150 3787 1214 3843 per·

151 3887 283 3927 manere:
316 3871 353 3927 ita
381 3878 472 3929 tamen
506 3878 534 3926 ut
561 3869 615 3942 ipsi
637 3875 767 3941 parentes
787 3869 834 3942 qui
856 3868 1040 3925 interfuerant
1060 3874 1107 3924 aut
1125 3868 1212 3940 judex

151 3968 180 4024 iu
203 3970 306 4024 cartola
327 3968 385 4040 ipsa
406 3986 520 4026 manum
547 3974 673 4040 ponant3
705 3975 733 4023 et
762 3967 785 4022 si
818 3967 973 4038 contegerit
1001 3981 1079 4022 cesus
1107 3973 1138 4022 ut
1163 3965 1212 4024 itte
1264 4023 1270 4036 ‚

151 4065 265 4122 ruaritus
286 4066 436 4133 moriatur,
472 4074 500 4122 et
524 4065 559 4122 ad
581 4064 666 4122 alium
688 4065 899 4133 annotaverit,
918 4062 1023 4120 stabilis
1049 4069 1213 4136 permaneat
1286 4083 1288 4094 ⁴

150 4163 209 4236 ipsa
231 4163 356 4220 vinonio
380 4163 473 4220 Scriva
494 4172 586 4222 autem
607 4164 654 4236 qui
676 4163 780 4220 cartola
800 4161 861 4234 ipsa
878 4160 1027 4233 scripserit,
1052 4176 1109 4218 uun
1130 4161 1212 4220 aliter

150 4269 290 4334 presumat
319 4260 437 4317 scrivere
468 4262 521 4318 nisi
550 4279 612 4319 cum
643 4261 740 4316 notitia
762 4264 912 4333 parentum·
930 4259 972 4314 rei
992 4257 1110 4330 judicis,
1141 4259 1213 4317 sicut

148 4355 356 4432 supradictum
377 4364 432 4414 est:
457 4366 484 4414 et
504 4361 539 4414 sit
559 4360 639 4416 aliter
658 4359 765 4427 fecerit,
789 4359 824 4414 sit
844 4357 902 4431 ipsa
924 4355 1042 4414 vinditio
1064 4375 1159 4428 vacuo,
1183 4364 1212 4416 et
1302 4397 1304 4402 -

150 4459 271 4528 prefatus
292 4457 378 4513 seriva
400 4455 434 4512 sit
448 4455 605 4528 'culparetis
625 4456 763 4530 sicutqui
785 4457 889 4512 cartule
911 4454 978 4512 falsu
999 4457 1100 4514 scrivii.

948 4545 997 4608 5o
