3172 5228
392 481 434 546 lss
784 495 940 542 ‘normam
963 488 1054 542 runis

390 651 497 709 solidos
514 663 538 707 'u
551 663 646 714 enam
667 646 690 704 si
708 647 740 704 'in
761 650 841 705 antea
862 663 926 704 enm
938 648 1101 719 cavalegare
1118 645 1325 720 presumpserit,
1349 650 1377 701 et
1396 641 1447 700 dc-

392 750 498 806 minum
521 764 576 805 nou
599 745 746 816 rogaverit,
769 745 942 816 inactcgild
963 745 1070 806 reddat.

423 887 427 894 ,
468 845 555 922 341.
576 841 630 917 (De
657 845 819 914 dietpuroto
845 842 973 917 cucullo.)
1016 842 1045 899 Si
1074 843 1136 916 qui's
1164 841 1298 900 cavallum
1325 841 1447 899 alienum

392 946 529 1022 proserit,
562 943 708 1014 ipsamque
729 939 934 1012 distiguraverit
954 941 1202 1010 etcareinaverit,
1216 939 1300 996 ‘torto
1319 955 1391 1012 pena
1413 939 1448 996 sit

393 1042 553 1116 culpavelis,
576 1039 604 1099 itl
627 1045 668 1093 cst
683 1037 716 1094 *in
738 1037 860 1108 aetogild
881 1037 934 1094 silai
955 1055 1072 1097 nonum.

473 1141 560 1198 349.
603 1135 632 1191 Si
655 1135 716 1208 quis
738 1137 873 1192 cavallum
893 1136 1017 1193 alienum
1033 1141 1080 1193 aut
1097 1135 1368 1208 quislevitpeculins,
1390 1151 1449 1192 ore·

392 1240 462 1295 deus
482 1251 573 1300 snum,
593 1233 728 1306 preserit,
748 1240 776 1290 et
796 1233 926 1292 dominus
950 1233 1094 1307 proprium
1115 1249 1178 1290 eum
1199 1233 1376 1304 cognoverit,
1404 1250 1448 1290 ca·

392 1334 569 1406 lemniaquae
590 1347 723 1402 generare
746 1331 882 1386 voluerit:
904 1331 944 1389 ita
966 1330 1152 1397 deceruimus,
1176 1338 1205 1388 ut
1227 1339 1336 1404 preveat
1355 1345 1448 1402 sagra·

375 1440 518 1492 'mentum
546 1429 603 1488 illc
622 1429 670 1502 qui
696 1447 759 1490 eum
790 1427 898 1494 tenuit,
928 1427 992 1502 qnia
1020 1445 1078 1488 nou
1099 1434 1159 1486 asto
1180 1445 1233 1486 nec
1253 1429 1345 1503 aliqua
1366 1441 1448 1486 causa

392 1531 540 1590 facientem
562 1543 626 1584 eum
648 1509 748 1600 p‘resit,
771 1527 820 1582 sed
841 1524 966 1583 crededit
985 1537 1065 1585 suum
1087 1527 1187 1592 inisse,
1214 1534 1241 1584 et
1261 1528 1297 1584 sit
1318 1529 1448 1585 exulatus

395 1632 502 1703 acnlpa
518 1627 594 1696 furti,
617 1631 644 1681 et
654 1625 752 1681 reddat
767 1617 901 1682 cavallum
919 1624 1033 1697 proprio
1051 1623 1166 1680 domiuo
1179 1625 1283 1682 inlesus
1293 1643 1308 1693 3·
1324 1626 1347 1684 si
1357 1633 1448 1682 antem
1489 1661 1497 1674 ·

396 1747 453 1789 non
476 1723 673 1800 presumpserit
690 1723 793 1796 jurare,
816 1723 914 1780 reddat
934 1739 998 1780 oum
1018 1723 1046 1778 in
1067 1723 1198 1794 uctogild,
1222 1725 1287 1797 quia
1303 1731 1449 1797 postquam

395 1825 526 1898 cognovit
554 1821 730 1895 quodtsnum
752 1837 808 1877 nun
830 1820 898 1890 luit,
930 1835 995 1878 mox
1010 1816 1114 1876 debuit
1134 1821 1248 1894 proprio
1270 1821 1384 1882 domino
1405 1823 1450 1879 in·

395 1931 555 1982 notescere:
579 1935 644 1976 uam
664 1918 776 1988 sicum,
800 1923 945 1992 postquam
961 1917 1125 1988 cognoverit
1142 1919 1218 1991 quod
1236 1933 1300 1976 suos
1316 1920 1447 1992 nonfuit,

396 2019 555 2088 ascindetit,
579 2017 614 2074 sit
634 2017 795 2090 culpavelis,
819 2023 961 2089 utsupra,
984 2015 1090 2075 solidus
1109 2017 1176 2073 duo.

474 2119 574 2180 1148.κ
585 2114 784 2190 (Depioavlioin
794 2115 1037 2189 dumnoinoento.)
1058 2113 1088 2170 Si
1104 2115 1168 2188 quis
1180 2116 1318 2172 cavallum
1328 2116 1450 2173 alienum

394 2224 441 2276 aut
461 2215 577 2290 quolivit
596 2213 736 2286 peculium
757 2213 890 2268 damnum
910 2211 1057 2274 facientem
1077 2211 1230 2283 invenerit,
1253 2212 1398 2288 ipsumque
1418 2215 1449 2271 in

395 2321 502 2373 curtem
522 2310 699 2380 inclanserit,
723 2316 754 2384 *et
776 2324 833 2366 non
853 2309 960 2366 venerit
980 2315 1071 2370 certus
1091 2310 1222 2372 dentium
1250 2311 1299 2384 qui
1320 2329 1383 2368 eum
1403 2329 1452 2367 eo—

395 2419 528 2486 pnnsoetr
549 2417 615 2467 tunc
636 2409 683 2465 ille
704 2407 751 2480 qui
773 2423 837 2463 eum
858 2406 886 2463 in
902 2407 1035 2464 damnum
1050 2407 1157 2465 invenit
1171 2396 1253 2466 ducat
1270 2425 1333 2466 eum
1353 2410 1389 2466 ad
1405 2409 1451 2482 ju-

396 2513 488 2569 dicem
508 2509 556 2583 qui
577 2509 606 2565 in
627 2505 690 2563 loeo
712 2505 856 2562 ordinatus
876 2512 927 2574 est,
950 2509 997 2562 aut
1017 2513 1091 2562 certe
1110 2511 1183 2564 ente*
1197 2507 1313 2564 ecclesia
1332 2508 1362 2564 in
1383 2525 1452 2564 eon·

395 2615 493 2678 vento,
513 2621 600 2680 usquo
621 2611 745 2678 quartam
767 2611 800 2658 et*
815 2603 941 2676 quintam
963 2600 1060 2673 vicem,
1084 2610 1111 2661 et
1128 2605 1366 2664 omnibusvocem
1388 2622 1452 2680 pre·

397 2707 480 2780 genia
501 2703 659 2771 innotiscat,
684 2701 748 2774 quia
771 2699 907 2757 &callum
927 2703 1030 2769 inueni,
1054 2709 1077 2758 et
1097 2706 1185 2760 mocio
1204 2707 1280 2778 oujau
1299 2709 1342 2764 stt.
1370 2705 1406 2762 Et
1426 2705 1451 2761 si

396 2815 455 2860 non
477 2803 583 2858 venerit
603 2799 651 2875 qui
672 2815 734 2856 eum
753 2793 913 2870 cognuscat,
933 2798 1058 2870 iuvemus
1081 2804 1109 2854 nt
1129 2801 1175 2856 ille
1197 2803 1244 2875 qui
1266 2819 1329 2860 eum
1346 2803 1454 2860 invenit

397 2899 528 2960 cavalecit
557 2905 585 2956 et
601 2897 747 2955 costodiae
767 2903 908 2969 umquam
929 2913 1008 2952 suum
1030 2897 1192 2969 proprium,
1225 2907 1254 2954 et
1282 2900 1304 2956 si
1325 2907 1453 2957 mortuus

397 2999 479 3058 luerit
507 2998 594 3069 sigua
614 2996 648 3052 de
669 2995 731 3068 ipso
752 2994 829 3052 corio
850 2994 1005 3060 conseruit,
1029 3002 1059 3051 ut
1078 3011 1141 3058 enm
1162 2998 1269 3063 venerit
1288 3005 1380 3056 certus
1399 2998 1455 3055 do-

396 3099 499 3167 minus,
522 3096 623 3178 habeat
644 3094 719 3167 quod
741 3093 765 3149 el
788 3093 956 3150 ostenderit:
987 3109 1051 3150 uam
1071 3094 1094 3150 si
1116 3094 1167 3152 ista
1189 3097 1341 3168 neglexerit
1360 3103 1388 3152 et
1406 3095 1455 3152 in-

395 3203 509 3254 ventum
529 3193 622 3264 luerit,
645 3191 697 3248 sibi
719 3205 826 3248 nonum
846 3207 910 3247 eum
931 3191 1044 3258 reddat3
1066 3193 1136 3249 etsi
1159 3193 1210 3251 iste
1230 3195 1336 3252 cautela
1357 3195 1458 3250 obser·
1509 3233 1513 3239 -

396 3293 509 3364 neverit,
532 3291 584 3348 erit
604 3293 730 3348 exolutus
751 3307 766 3346 a
786 3288 934 3348 calomnia.
1191 3277 1192 3281 ’
1339 3278 1340 3284 ’

477 3393 565 3470 844.
591 3388 642 3462 (De
671 3371 771 3461 pientio
799 3395 856 3444 nato
882 3391 913 3444 ia
940 3389 1039 3444 dumne
1066 3390 1163 3447 misso:
1197 3388 1226 3446 Si
1248 3389 1310 3463 quis
1331 3373 1458 3446 cavallos

398 3495 444 3548 aut
465 3471 588 3546 armenta
609 3492 668 3544 asto
689 3487 784 3542 animo
811 3485 841 3543 in
862 3500 979 3540 messem
1002 3484 1121 3542 alienam
1142 3486 1238 3543 aut-ln
1259 3493 1337 3559 prato
1358 3487 1398 3543 vel
1424 3487 1459 3543 in

399 3585 522 3660 quolevit
541 3585 673 3642 damnum
692 3582 816 3655 miserit,
851 3589 1000 3656 conponat
1018 3599 1069 3656 per
1098 3590 1180 3659 eaput
1210 3585 1330 3642 solidum
1348 3601 1457 3656 unum,

399 3688 514 3758 excepto
536 3683 667 3740 damnum
688 3682 759 3739 sient
777 3680 939 3739 arbitratum
961 3681 1043 3742 luerit
1063 3687 1091 3739 et
1117 3681 1171 3739 loci
1193 3684 1365 3740 consuetudo
1390 3691 1458 3739 est:

398 3783 438 3841 sic
459 3790 551 3840 tamen
572 3781 595 3838 si
614 3787 708 3854 pastor
728 3796 785 3852 non
808 3779 943 3836 eusaverit
960 3778 1053 3852 iurare
1074 3781 1150 3852 quod
1179 3787 1237 3836 asto
1267 3783 1360 3838 animo
1391 3797 1462 3838 non

397 3881 527 3946 misissit;
556 3885 583 3936 et
603 3878 627 3935 si
645 3879 793 3952 iuraverit,
825 3879 860 3934 sit
881 3879 1043 3936 exolutusa
1070 3880 1170 3953 culpa,
1200 3879 1332 3937 damnum
1358 3885 1463 3938 autem

398 3985 548 4051 conponat

478 4075 567 4134 845.
608 4074 638 4132 Si
660 4075 721 4148 quis
742 4092 827 4149 porco
848 4082 896 4134 aut
914 4091 1029 4149 pecoras
1057 4083 1116 4133 asto
1144 4075 1237 4131 auimo
1266 4073 1296 4130 in
1317 4073 1463 4133 damnum

398 4171 511 4232 alterius
521 4170 637 4244 miserit,
657 4180 685 4230 et
703 4173 726 4230 si
741 4191 798 4230 non
815 4175 953 4233 ausaverit
972 4175 1076 4248 jurare,
1092 4179 1233 4246 conponat
1247 4171 1336 4230 solido
1350 4187 1460 4245 unum,

399 4277 515 4344 excepto
535 4271 679 4329 damnum.

476 4369 568 4427 ⁸40·
609 4368 639 4425 st
667 4369 730 4442 quis
760 4369 898 4442 peculium
924 4371 958 4428 de
985 4370 1117 4427 damnum
1138 4370 1174 4426 ad
1193 4370 1345 4426 clausuram
1362 4367 1464 4426 mina-

399 4465 487 4543 verit,
520 4473 548 4521 et
573 4464 620 4522 ille
642 4466 687 4523 cni
707 4466 831 4540 peculins
852 4477 894 4524 est
914 4469 939 4525 ei
961 4467 1146 4538 antesteterit,
1169 4473 1310 4540 conponat
1329 4465 1462 4526 solidum
