<?xml version="1.0" encoding="UTF-8"?>
<!DOCTYPE html PUBLIC "-//W3C//DTD XHTML 1.0 Transitional//EN"
    "http://www.w3.org/TR/xhtml1/DTD/xhtml1-transitional.dtd">
<html xmlns="http://www.w3.org/1999/xhtml" xml:lang="en" lang="en">
 <head>
  <title>
</title>
<meta http-equiv="Content-Type" content="text/html;charset=utf-8" />
  <meta name='ocr-system' content='tesseract 3.04.00' />
  <meta name='ocr-capabilities' content='ocr_page ocr_carea ocr_par ocr_line ocrx_word'/>
</head>
<body>
  <div class='ocr_page' id='page_1' title='image "./edictaregumlang01neiggoog_0189.png"; bbox 0 0 3198 5222; ppageno 0'>
   <div class='ocr_carea' id='block_1_1' title="bbox 711 783 1056 852">
    <p class='ocr_par' dir='ltr' id='par_1_1' title="bbox 711 783 1056 852">
     <span class='ocr_line' id='line_1_1' title="bbox 711 783 1056 852; baseline -0.006 0"><span class='ocrx_word' id='word_1_1' title='bbox 711 783 753 852; x_wconf 87' lang='lat' dir='ltr'><strong>ll.</strong></span> <span class='ocrx_word' id='word_1_2' title='bbox 787 783 864 850; x_wconf 83' lang='lat' dir='ltr'><strong>Item</strong></span> <span class='ocrx_word' id='word_1_3' title='bbox 892 784 928 850; x_wconf 82' lang='lat' dir='ltr'><strong>de</strong></span> <span class='ocrx_word' id='word_1_4' title='bbox 955 803 1056 852; x_wconf 84' lang='lat' dir='ltr'><strong>muro.</strong></span> 
     </span>
    </p>
   </div>
   <div class='ocr_carea' id='block_1_2' title="bbox 383 1005 1394 2326">
    <p class='ocr_par' dir='ltr' id='par_1_2' title="bbox 383 1005 1393 2103">
     <span class='ocr_line' id='line_1_2' title="bbox 473 1005 1389 1087; baseline 0 -19"><span class='ocrx_word' id='word_1_5' title='bbox 473 1005 601 1071; x_wconf 87' lang='lat' dir='ltr'><strong>CLVlIl.</strong></span> <span class='ocrx_word' id='word_1_6' title='bbox 648 1007 906 1068; x_wconf 71' lang='lat' dir='ltr'><strong>scurronum</strong></span> <span class='ocrx_word' id='word_1_7' title='bbox 931 1009 1026 1087; x_wconf 63' lang='lat' dir='ltr'><strong>seced</strong></span> <span class='ocrx_word' id='word_1_8' title='bbox 1049 1010 1100 1087; x_wconf 81' lang='lat' dir='ltr'><strong>qul</strong></span> <span class='ocrx_word' id='word_1_9' title='bbox 1122 1025 1208 1086; x_wconf 80' lang='lat' dir='ltr'><strong>usque</strong></span> <span class='ocrx_word' id='word_1_10' title='bbox 1230 1009 1270 1068; x_wconf 84' lang='lat' dir='ltr'><strong>od</strong></span> <span class='ocrx_word' id='word_1_11' title='bbox 1289 1008 1389 1086; x_wconf 78' lang='lat' dir='ltr'><strong>prdem</strong></span> 
     </span>
     <span class='ocr_line' id='line_1_3' title="bbox 385 1113 1390 1200; baseline 0 -22"><span class='ocrx_word' id='word_1_12' title='bbox 385 1113 475 1180; x_wconf 77' lang='lat' dir='ltr'><strong>undu</strong></span> <span class='ocrx_word' id='word_1_13' title='bbox 511 1122 547 1182; x_wconf 83' lang='lat' dir='ltr'><strong>sit</strong></span> <span class='ocrx_word' id='word_1_14' title='bbox 584 1140 729 1199; x_wconf 79' lang='lat' dir='ltr'><strong>pressum,</strong></span> <span class='ocrx_word' id='word_1_15' title='bbox 769 1119 947 1200; x_wconf 71' lang='lat' dir='ltr'><strong><em>duplicentur</em></strong></span> <span class='ocrx_word' id='word_1_16' title='bbox 979 1123 1135 1193; x_wconf 71' lang='lat' dir='ltr'><strong>merens,</strong></span> <span class='ocrx_word' id='word_1_17' title='bbox 1176 1129 1202 1180; x_wconf 87' lang='lat' dir='ltr'><strong>et</strong></span> <span class='ocrx_word' id='word_1_18' title='bbox 1230 1139 1318 1198; x_wconf 74' lang='lat' dir='ltr'><strong>osque</strong></span> <span class='ocrx_word' id='word_1_19' title='bbox 1351 1119 1390 1178; x_wconf 82' lang='lat' dir='ltr'><strong>od</strong></span> 
     </span>
     <span class='ocr_line' id='line_1_4' title="bbox 383 1229 1389 1314; baseline -0.001 -22"><span class='ocrx_word' id='word_1_20' title='bbox 383 1234 507 1312; x_wconf 79' lang='lat' dir='ltr'><strong>putoque</strong></span> <span class='ocrx_word' id='word_1_21' title='bbox 523 1235 609 1312; x_wconf 84' lang='lat' dir='ltr'><strong>pedes</strong></span> <span class='ocrx_word' id='word_1_22' title='bbox 639 1237 832 1314; x_wconf 78' lang='lat' dir='ltr'><strong>subpuioeter.</strong></span> <span class='ocrx_word' id='word_1_23' title='bbox 880 1233 969 1296; x_wconf 86' lang='lat' dir='ltr'><strong>Haud</strong></span> <span class='ocrx_word' id='word_1_24' title='bbox 1001 1234 1166 1296; x_wconf 89' lang='lat' dir='ltr'><strong>obscurum</strong></span> <span class='ocrx_word' id='word_1_25' title='bbox 1198 1231 1273 1292; x_wconf 90' lang='lat' dir='ltr'><strong>milri</strong></span> <span class='ocrx_word' id='word_1_26' title='bbox 1304 1229 1389 1292; x_wconf 85' lang='lat' dir='ltr'><strong>ride-</strong></span> 
     </span>
     <span class='ocr_line' id='line_1_5' title="bbox 384 1342 1388 1426; baseline -0.004 -20"><span class='ocrx_word' id='word_1_27' title='bbox 384 1349 443 1413; x_wconf 90' lang='lat' dir='ltr'><strong>tur,</strong></span> <span class='ocrx_word' id='word_1_28' title='bbox 470 1345 628 1408; x_wconf 87' lang='lat' dir='ltr'><strong>modulum</strong></span> <span class='ocrx_word' id='word_1_29' title='bbox 652 1345 862 1408; x_wconf 88' lang='lat' dir='ltr'><strong>crassitudinis</strong></span> <span class='ocrx_word' id='word_1_30' title='bbox 892 1345 1017 1409; x_wconf 85' lang='lat' dir='ltr'><strong>muralis</strong></span> <span class='ocrx_word' id='word_1_31' title='bbox 1048 1365 1117 1407; x_wconf 88' lang='lat' dir='ltr'><strong>esse</strong></span> <span class='ocrx_word' id='word_1_32' title='bbox 1141 1365 1197 1426; x_wconf 93' lang='lat' dir='ltr'><strong>pro</strong></span> <span class='ocrx_word' id='word_1_33' title='bbox 1221 1342 1388 1424; x_wconf 75' lang='lat' dir='ltr'><strong>semipedis</strong></span> 
     </span>
     <span class='ocr_line' id='line_1_6' title="bbox 385 1456 1389 1539; baseline -0.002 -21"><span class='ocrx_word' id='word_1_34' title='bbox 385 1476 546 1519; x_wconf 88' lang='lat' dir='ltr'><strong>mensura:</strong></span> <span class='ocrx_word' id='word_1_35' title='bbox 592 1459 702 1520; x_wconf 88' lang='lat' dir='ltr'><strong>nostris</strong></span> <span class='ocrx_word' id='word_1_36' title='bbox 733 1458 826 1520; x_wconf 91' lang='lat' dir='ltr'><strong>etiam</strong></span> <span class='ocrx_word' id='word_1_37' title='bbox 857 1458 1048 1539; x_wconf 80' lang='lat' dir='ltr'><strong>temporibus</strong></span> <span class='ocrx_word' id='word_1_38' title='bbox 1078 1456 1221 1520; x_wconf 84' lang='lat' dir='ltr'><strong>modulus</strong></span> <span class='ocrx_word' id='word_1_39' title='bbox 1251 1456 1308 1517; x_wconf 88' lang='lat' dir='ltr'><strong>iste</strong></span> <span class='ocrx_word' id='word_1_40' title='bbox 1342 1462 1389 1516; x_wconf 87' lang='lat' dir='ltr'><strong>est</strong></span> 
     </span>
     <span class='ocr_line' id='line_1_7' title="bbox 383 1568 1387 1652; baseline -0.001 -22"><span class='ocrx_word' id='word_1_41' title='bbox 383 1588 454 1649; x_wconf 89' lang='lat' dir='ltr'><strong>pars</strong></span> <span class='ocrx_word' id='word_1_42' title='bbox 478 1570 613 1651; x_wconf 73' lang='lat' dir='ltr'>aliquota</span> <span class='ocrx_word' id='word_1_43' title='bbox 636 1570 765 1633; x_wconf 89' lang='lat' dir='ltr'><strong>alicuius</strong></span> <span class='ocrx_word' id='word_1_44' title='bbox 788 1571 937 1652; x_wconf 88' lang='lat' dir='ltr'><strong>probatae</strong></span> <span class='ocrx_word' id='word_1_45' title='bbox 962 1589 1133 1634; x_wconf 87' lang='lat' dir='ltr'><strong>mensurae.</strong></span> <span class='ocrx_word' id='word_1_46' title='bbox 1182 1568 1258 1632; x_wconf 86' lang='lat' dir='ltr'><strong>Cum</strong></span> <span class='ocrx_word' id='word_1_47' title='bbox 1287 1568 1330 1630; x_wconf 88' lang='lat' dir='ltr'><strong>ita</strong></span> <span class='ocrx_word' id='word_1_48' title='bbox 1353 1587 1387 1629; x_wconf 91' lang='lat' dir='ltr'><strong>se</strong></span> 
     </span>
     <span class='ocr_line' id='line_1_8' title="bbox 386 1679 1391 1765; baseline -0.001 -24"><span class='ocrx_word' id='word_1_49' title='bbox 386 1690 435 1744; x_wconf 80' lang='lat' dir='ltr'><strong>re&#39;s</strong></span> <span class='ocrx_word' id='word_1_50' title='bbox 459 1681 581 1763; x_wconf 85' lang='lat' dir='ltr'><strong>habeat,</strong></span> <span class='ocrx_word' id='word_1_51' title='bbox 608 1703 665 1765; x_wconf 88' lang='lat' dir='ltr'><strong>pro</strong></span> <span class='ocrx_word' id='word_1_52' title='bbox 688 1703 750 1746; x_wconf 88' lang='lat' dir='ltr'><strong>uno</strong></span> <span class='ocrx_word' id='word_1_53' title='bbox 773 1684 853 1764; x_wconf 88' lang='lat' dir='ltr'><strong>peda</strong></span> <span class='ocrx_word' id='word_1_54' title='bbox 877 1682 1066 1764; x_wconf 82' lang='lat' dir='ltr'><strong>duplicatum</strong></span> <span class='ocrx_word' id='word_1_55' title='bbox 1085 1680 1272 1763; x_wconf 81' lang='lat' dir='ltr'><strong>stipendium</strong></span> <span class='ocrx_word' id='word_1_56' title='bbox 1295 1679 1391 1742; x_wconf 87' lang='lat' dir='ltr'><strong>artifi-</strong></span> 
     </span>
     <span class='ocr_line' id='line_1_9' title="bbox 388 1793 1387 1878; baseline 0.003 -22"><span class='ocrx_word' id='word_1_57' title='bbox 388 1815 474 1869; x_wconf 85' lang='lat' dir='ltr'>cum,</span> <span class='ocrx_word' id='word_1_58' title='bbox 513 1796 596 1878; x_wconf 92' lang='lat' dir='ltr'><strong>quod</strong></span> <span class='ocrx_word' id='word_1_59' title='bbox 630 1797 739 1858; x_wconf 87' lang='lat' dir='ltr'><strong>eadem</strong></span> <span class='ocrx_word' id='word_1_60' title='bbox 769 1797 905 1870; x_wconf 90' lang='lat' dir='ltr'><strong>ratione,</strong></span> <span class='ocrx_word' id='word_1_61' title='bbox 941 1815 1003 1878; x_wconf 87' lang='lat' dir='ltr'><strong>qua</strong></span> <span class='ocrx_word' id='word_1_62' title='bbox 1034 1803 1066 1858; x_wconf 87' lang='lat' dir='ltr'><strong>et</strong></span> <span class='ocrx_word' id='word_1_63' title='bbox 1097 1795 1176 1857; x_wconf 90' lang='lat' dir='ltr'><strong>muri</strong></span> <span class='ocrx_word' id='word_1_64' title='bbox 1206 1793 1387 1860; x_wconf 80' lang='lat' dir='ltr'><strong>crassitudo.</strong></span> 
     </span>
     <span class='ocr_line' id='line_1_10' title="bbox 388 1905 1393 1990; baseline -0.003 -22"><span class='ocrx_word' id='word_1_65' title='bbox 388 1908 575 1987; x_wconf 83' lang='lat' dir='ltr'><strong>angebatur:</strong></span> <span class='ocrx_word' id='word_1_66' title='bbox 608 1909 687 1971; x_wconf 87' lang='lat' dir='ltr'><strong>muri</strong></span> <span class='ocrx_word' id='word_1_67' title='bbox 717 1909 809 1971; x_wconf 90' lang='lat' dir='ltr'><strong>crassi</strong></span> <span class='ocrx_word' id='word_1_68' title='bbox 843 1909 922 1971; x_wconf 88' lang='lat' dir='ltr'><strong>ultra</strong></span> <span class='ocrx_word' id='word_1_69' title='bbox 946 1909 1051 1990; x_wconf 85' lang='lat' dir='ltr'><strong>pedes</strong></span> <span class='ocrx_word' id='word_1_70' title='bbox 1074 1929 1094 1970; x_wconf 86' lang='lat' dir='ltr'><strong>v</strong></span> <span class='ocrx_word' id='word_1_71' title='bbox 1116 1905 1393 1988; x_wconf 85' lang='lat' dir='ltr'><strong>infrequentissimi</strong></span> 
     </span>
     <span class='ocr_line' id='line_1_11' title="bbox 387 2018 1327 2103; baseline 0 -23"><span class='ocrx_word' id='word_1_72' title='bbox 387 2026 459 2080; x_wconf 88' lang='lat' dir='ltr'><strong>tunc</strong></span> <span class='ocrx_word' id='word_1_73' title='bbox 482 2021 643 2101; x_wconf 88' lang='lat' dir='ltr'><strong>temporis,</strong></span> <span class='ocrx_word' id='word_1_74' title='bbox 669 2022 804 2103; x_wconf 87' lang='lat' dir='ltr'><strong>ideoque</strong></span> <span class='ocrx_word' id='word_1_75' title='bbox 830 2022 869 2084; x_wconf 88' lang='lat' dir='ltr'><strong>ad</strong></span> <span class='ocrx_word' id='word_1_76' title='bbox 893 2041 948 2084; x_wconf 89' lang='lat' dir='ltr'><strong>eos</strong></span> <span class='ocrx_word' id='word_1_77' title='bbox 972 2041 1033 2086; x_wconf 92' lang='lat' dir='ltr'><strong>non</strong></span> <span class='ocrx_word' id='word_1_78' title='bbox 1057 2021 1245 2102; x_wconf 87' lang='lat' dir='ltr'><strong>respiciebat</strong></span> <span class='ocrx_word' id='word_1_79' title='bbox 1267 2018 1327 2080; x_wconf 87' lang='lat' dir='ltr'><strong>lex.</strong></span> 
     </span>
    </p>

    <p class='ocr_par' dir='ltr' id='par_1_3' title="bbox 388 2133 1394 2326">
     <span class='ocr_line' id='line_1_12' title="bbox 474 2133 1392 2214; baseline -0.001 -22"><span class='ocrx_word' id='word_1_80' title='bbox 474 2133 514 2192; x_wconf 83' lang='lat' dir='ltr'><strong>Et</strong></span> <span class='ocrx_word' id='word_1_81' title='bbox 552 2136 586 2194; x_wconf 86' lang='lat' dir='ltr'><strong>de</strong></span> <span class='ocrx_word' id='word_1_82' title='bbox 615 2137 677 2214; x_wconf 78' lang='lat' dir='ltr'><strong>ipso</strong></span> <span class='ocrx_word' id='word_1_83' title='bbox 696 2153 790 2194; x_wconf 58' lang='lat' dir='ltr'><strong>*moro</strong></span> <span class='ocrx_word' id='word_1_84' title='bbox 818 2137 926 2196; x_wconf 80' lang='lat' dir='ltr'><strong>oodoet</strong></span> <span class='ocrx_word' id='word_1_85' title='bbox 959 2154 1012 2214; x_wconf 83' lang='lat' dir='ltr'><strong>per</strong></span> <span class='ocrx_word' id='word_1_86' title='bbox 1041 2135 1164 2195; x_wconf 82' lang='lat' dir='ltr'><strong>solidum</strong></span> <span class='ocrx_word' id='word_1_87' title='bbox 1191 2153 1281 2193; x_wconf 79' lang='lat' dir='ltr'><strong>unum</strong></span> <span class='ocrx_word' id='word_1_88' title='bbox 1307 2133 1392 2212; x_wconf 81' lang='lat' dir='ltr'><strong>pedes</strong></span> 
     </span>
     <span class='ocr_line' id='line_1_13' title="bbox 388 2243 1394 2326; baseline -0.001 -21"><span class='ocrx_word' id='word_1_89' title='bbox 388 2247 501 2308; x_wconf 81' lang='lat' dir='ltr'><strong>ducenti</strong></span> <span class='ocrx_word' id='word_1_90' title='bbox 525 2248 627 2324; x_wconf 79' lang='lat' dir='ltr'><strong>cipioti</strong></span> <span class='ocrx_word' id='word_1_91' title='bbox 658 2249 788 2326; x_wconf 74' lang='lat' dir='ltr'><strong>parioque.</strong></span> <span class='ocrx_word' id='word_1_92' title='bbox 841 2243 1009 2309; x_wconf 89' lang='lat' dir='ltr'><strong>Numer&#39;um</strong></span> <span class='ocrx_word' id='word_1_93' title='bbox 1042 2265 1144 2308; x_wconf 85' lang='lat' dir='ltr'>ccxxv</span> <span class='ocrx_word' id='word_1_94' title='bbox 1175 2245 1308 2326; x_wconf 88' lang='lat' dir='ltr'><strong>praetuli</strong></span> <span class='ocrx_word' id='word_1_95' title='bbox 1336 2263 1394 2304; x_wconf 92' lang='lat' dir='ltr'><strong>nu-</strong></span> 
     </span>
    </p>
   </div>
   <div class='ocr_carea' id='block_1_3' title="bbox 388 2356 1392 2553">
    <p class='ocr_par' dir='ltr' id='par_1_4' title="bbox 388 2356 1392 2553">
     <span class='ocr_line' id='line_1_14' title="bbox 390 2356 1392 2441; baseline 0 -24"><span class='ocrx_word' id='word_1_96' title='bbox 390 2377 474 2418; x_wconf 89' lang='lat' dir='ltr'><strong>mero</strong></span> <span class='ocrx_word' id='word_1_97' title='bbox 498 2377 587 2432; x_wconf 79' lang='lat' dir='ltr'><strong>ccxv,</strong></span> <span class='ocrx_word' id='word_1_98' title='bbox 613 2367 644 2421; x_wconf 88' lang='lat' dir='ltr'><strong>et</strong></span> <span class='ocrx_word' id='word_1_99' title='bbox 667 2360 749 2441; x_wconf 85' lang='lat' dir='ltr'><strong>quod</strong></span> <span class='ocrx_word' id='word_1_100' title='bbox 774 2379 830 2440; x_wconf 92' lang='lat' dir='ltr'><strong>per</strong></span> <span class='ocrx_word' id='word_1_101' title='bbox 853 2366 1015 2421; x_wconf 81' lang='lat' dir='ltr'><strong>extensum</strong></span> <span class='ocrx_word' id='word_1_102' title='bbox 1032 2359 1191 2440; x_wconf 88' lang='lat' dir='ltr'><strong>scriptum,</strong></span> <span class='ocrx_word' id='word_1_103' title='bbox 1215 2357 1267 2419; x_wconf 90' lang='lat' dir='ltr'><strong>ubi</strong></span> <span class='ocrx_word' id='word_1_104' title='bbox 1290 2356 1392 2418; x_wconf 89' lang='lat' dir='ltr'><strong>immi-</strong></span> 
     </span>
     <span class='ocr_line' id='line_1_15' title="bbox 388 2468 1388 2553; baseline -0.001 -23"><span class='ocrx_word' id='word_1_105' title='bbox 388 2476 461 2531; x_wconf 87' lang='lat' dir='ltr'><strong>nuta</strong></span> <span class='ocrx_word' id='word_1_106' title='bbox 484 2471 605 2533; x_wconf 80' lang='lat' dir='ltr'><strong>errandi</strong></span> <span class='ocrx_word' id='word_1_107' title='bbox 629 2471 772 2545; x_wconf 78' lang='lat' dir='ltr'><strong>facilitas,</strong></span> <span class='ocrx_word' id='word_1_108' title='bbox 808 2480 839 2533; x_wconf 91' lang='lat' dir='ltr'><strong>et</strong></span> <span class='ocrx_word' id='word_1_109' title='bbox 870 2473 954 2553; x_wconf 92' lang='lat' dir='ltr'><strong>quod</strong></span> <span class='ocrx_word' id='word_1_110' title='bbox 978 2468 1388 2552; x_wconf 81' lang='lat' dir='ltr'><strong>multiplicatumexlribeat</strong></span> 
     </span>
    </p>
   </div>
   <div class='ocr_carea' id='block_1_4' title="bbox 387 2581 1394 3452">
    <p class='ocr_par' dir='ltr' id='par_1_5' title="bbox 387 2581 1394 3227">
     <span class='ocr_line' id='line_1_16' title="bbox 387 2581 1394 2665; baseline 0.002 -21"><span class='ocrx_word' id='word_1_111' title='bbox 387 2581 620 2663; x_wconf 80' lang='lat' dir='ltr'><strong>perfectiorem,</strong></span> <span class='ocrx_word' id='word_1_112' title='bbox 660 2585 703 2646; x_wconf 90' lang='lat' dir='ltr'><strong>uti</strong></span> <span class='ocrx_word' id='word_1_113' title='bbox 732 2585 764 2645; x_wconf 92' lang='lat' dir='ltr'><strong>in</strong></span> <span class='ocrx_word' id='word_1_114' title='bbox 798 2585 918 2665; x_wconf 85' lang='lat' dir='ltr'><strong>legibus</strong></span> <span class='ocrx_word' id='word_1_115' title='bbox 948 2585 1141 2646; x_wconf 88' lang='lat' dir='ltr'><strong>desideratur</strong></span> <span class='ocrx_word' id='word_1_116' title='bbox 1169 2583 1394 2664; x_wconf 87' lang='lat' dir='ltr'><strong>cuiuscumque</strong></span> 
     </span>
     <span class='ocr_line' id='line_1_17' title="bbox 392 2695 1394 2780; baseline 0.003 -25"><span class='ocrx_word' id='word_1_117' title='bbox 392 2695 452 2756; x_wconf 92' lang='lat' dir='ltr'><strong>loci</strong></span> <span class='ocrx_word' id='word_1_118' title='bbox 476 2705 506 2757; x_wconf 91' lang='lat' dir='ltr'><strong>et</strong></span> <span class='ocrx_word' id='word_1_119' title='bbox 529 2697 689 2778; x_wconf 79' lang='lat' dir='ltr'><strong>temporis.</strong></span> <span class='ocrx_word' id='word_1_120' title='bbox 717 2697 819 2758; x_wconf 83' lang='lat' dir='ltr'><strong>Hosne</strong></span> <span class='ocrx_word' id='word_1_121' title='bbox 835 2717 960 2780; x_wconf 88' lang='lat' dir='ltr'><strong>quoque</strong></span> <span class='ocrx_word' id='word_1_122' title='bbox 976 2716 1077 2762; x_wconf 83' lang='lat' dir='ltr'><strong>ccxxv</strong></span> <span class='ocrx_word' id='word_1_123' title='bbox 1091 2697 1190 2778; x_wconf 87' lang='lat' dir='ltr'><strong>pedes</strong></span> <span class='ocrx_word' id='word_1_124' title='bbox 1205 2717 1261 2777; x_wconf 92' lang='lat' dir='ltr'><strong>pro</strong></span> <span class='ocrx_word' id='word_1_125' title='bbox 1285 2716 1394 2777; x_wconf 88' lang='lat' dir='ltr'><strong>super·</strong></span> 
     </span>
     <span class='ocr_line' id='line_1_18' title="bbox 390 2806 1390 2891; baseline 0.002 -24"><span class='ocrx_word' id='word_1_126' title='bbox 390 2806 542 2870; x_wconf 87' lang='lat' dir='ltr'><strong>fioialibus</strong></span> <span class='ocrx_word' id='word_1_127' title='bbox 574 2807 736 2870; x_wconf 88' lang='lat' dir='ltr'><strong>habendos</strong></span> <span class='ocrx_word' id='word_1_128' title='bbox 769 2816 862 2890; x_wconf 87' lang='lat' dir='ltr'><strong>puto;</strong></span> <span class='ocrx_word' id='word_1_129' title='bbox 898 2809 1002 2891; x_wconf 88' lang='lat' dir='ltr'><strong>iique,</strong></span> <span class='ocrx_word' id='word_1_130' title='bbox 1041 2809 1084 2871; x_wconf 91' lang='lat' dir='ltr'><strong>uti</strong></span> <span class='ocrx_word' id='word_1_131' title='bbox 1108 2809 1249 2890; x_wconf 88' lang='lat' dir='ltr'><strong>superius</strong></span> <span class='ocrx_word' id='word_1_132' title='bbox 1275 2808 1390 2886; x_wconf 89' lang='lat' dir='ltr'><strong>monui,</strong></span> 
     </span>
     <span class='ocr_line' id='line_1_19' title="bbox 390 2921 1394 3003; baseline -0.002 -21"><span class='ocrx_word' id='word_1_133' title='bbox 390 2940 446 3001; x_wconf 89' lang='lat' dir='ltr'><strong>per</strong></span> <span class='ocrx_word' id='word_1_134' title='bbox 469 2921 658 3002; x_wconf 86' lang='lat' dir='ltr'><strong>semipedem</strong></span> <span class='ocrx_word' id='word_1_135' title='bbox 682 2921 874 3002; x_wconf 86' lang='lat' dir='ltr'><strong>multiplicati</strong></span> <span class='ocrx_word' id='word_1_136' title='bbox 898 2921 1050 3003; x_wconf 80' lang='lat' dir='ltr'><strong>praebent</strong></span> <span class='ocrx_word' id='word_1_137' title='bbox 1073 2922 1169 3002; x_wconf 89' lang='lat' dir='ltr'><strong>pedes</strong></span> <span class='ocrx_word' id='word_1_138' title='bbox 1185 2921 1310 2983; x_wconf 89' lang='lat' dir='ltr'><strong>cubicus</strong></span> <span class='ocrx_word' id='word_1_139' title='bbox 1329 2940 1394 2983; x_wconf 79' lang='lat' dir='ltr'><strong>cxrr</strong></span> 
     </span>
     <span class='ocr_line' id='line_1_20' title="bbox 390 3033 1392 3115; baseline 0 -21"><span class='ocrx_word' id='word_1_140' title='bbox 390 3053 465 3094; x_wconf 87' lang='lat' dir='ltr'><strong>sem.</strong></span> <span class='ocrx_word' id='word_1_141' title='bbox 513 3034 652 3115; x_wconf 86' lang='lat' dir='ltr'><strong>Indeque</strong></span> <span class='ocrx_word' id='word_1_142' title='bbox 683 3033 780 3114; x_wconf 84' lang='lat' dir='ltr'><strong>pretia</strong></span> <span class='ocrx_word' id='word_1_143' title='bbox 814 3033 924 3101; x_wconf 84' lang='lat' dir='ltr'><strong>horum</strong></span> <span class='ocrx_word' id='word_1_144' title='bbox 955 3053 1084 3115; x_wconf 89' lang='lat' dir='ltr'><strong>operum</strong></span> <span class='ocrx_word' id='word_1_145' title='bbox 1107 3041 1138 3096; x_wconf 92' lang='lat' dir='ltr'><strong>et</strong></span> <span class='ocrx_word' id='word_1_146' title='bbox 1161 3033 1392 3096; x_wconf 87' lang='lat' dir='ltr'><strong>infradictorum</strong></span> 
     </span>
     <span class='ocr_line' id='line_1_21' title="bbox 391 3129 1050 3227; baseline 0.006 -23"><span class='ocrx_word' id='word_1_147' title='bbox 391 3145 429 3205; x_wconf 85' lang='lat' dir='ltr'><strong>ad</strong></span> <span class='ocrx_word' id='word_1_148' title='bbox 454 3145 632 3227; x_wconf 83' lang='lat' dir='ltr'><strong>aequiorem</strong></span> <span class='ocrx_word' id='word_1_149' title='bbox 657 3147 807 3208; x_wconf 87' lang='lat' dir='ltr'><strong>rationem</strong></span> <span class='ocrx_word' id='word_1_150' title='bbox 832 3147 933 3212; x_wconf 88' lang='lat' dir='ltr'><strong>ducta.</strong></span> <span class='ocrx_word' id='word_1_151' title='bbox 1049 3129 1050 3132; x_wconf 8' lang='grc' dir='ltr'><strong>Ἴ</strong></span> 
     </span>
    </p>

    <p class='ocr_par' dir='ltr' id='par_1_6' title="bbox 390 3235 1390 3452">
     <span class='ocr_line' id='line_1_22' title="bbox 411 3235 1390 3322; baseline 0.001 -4"><span class='ocrx_word' id='word_1_152' title='bbox 411 3235 415 3240; x_wconf 81' lang='lat'><em>.</em></span> <span class='ocrx_word' id='word_1_153' title='bbox 477 3258 510 3318; x_wconf 81' lang='lat' dir='ltr'><strong>st</strong></span> <span class='ocrx_word' id='word_1_154' title='bbox 532 3277 595 3318; x_wconf 78' lang='lat' dir='ltr'><strong>otro</strong></span> <span class='ocrx_word' id='word_1_155' title='bbox 618 3261 759 3321; x_wconf 81' lang='lat' dir='ltr'><strong>morinum</strong></span> <span class='ocrx_word' id='word_1_156' title='bbox 781 3260 940 3322; x_wconf 75' lang='lat' dir='ltr'><strong>maturuit.</strong></span> <span class='ocrx_word' id='word_1_157' title='bbox 969 3287 1012 3304; x_wconf 93' lang='lat'><strong>-·</strong></span> <span class='ocrx_word' id='word_1_158' title='bbox 1032 3259 1151 3320; x_wconf 78' lang='lat' dir='ltr'><strong>Metina</strong></span> <span class='ocrx_word' id='word_1_159' title='bbox 1181 3280 1236 3322; x_wconf 88' lang='lat' dir='ltr'><strong>seu</strong></span> <span class='ocrx_word' id='word_1_160' title='bbox 1258 3259 1390 3320; x_wconf 71' lang='lat' dir='ltr'><strong>mortim</strong></span> 
     </span>
     <span class='ocr_line' id='line_1_23' title="bbox 390 3369 1388 3452; baseline 0.01 -24"><span class='ocrx_word' id='word_1_161' title='bbox 390 3388 504 3431; x_wconf 87' lang='lat' dir='ltr'><strong>nomen</strong></span> <span class='ocrx_word' id='word_1_162' title='bbox 544 3377 589 3432; x_wconf 89' lang='lat' dir='ltr'><strong>est</strong></span> <span class='ocrx_word' id='word_1_163' title='bbox 624 3369 717 3452; x_wconf 80' lang='lat' dir='ltr'><strong>lignei</strong></span> <span class='ocrx_word' id='word_1_164' title='bbox 753 3370 885 3436; x_wconf 86' lang='lat' dir='ltr'><strong>aedilicii</strong></span> <span class='ocrx_word' id='word_1_165' title='bbox 916 3369 1066 3433; x_wconf 86' lang='lat' dir='ltr'><strong>artificum</strong></span> <span class='ocrx_word' id='word_1_166' title='bbox 1100 3371 1388 3438; x_wconf 85' lang='lat' dir='ltr'><strong>caementariorum.</strong></span> 
     </span>
    </p>
   </div>
   <div class='ocr_carea' id='block_1_5' title="bbox 300 3481 1395 3565">
    <p class='ocr_par' dir='ltr' id='par_1_7' title="bbox 300 3481 1395 3565">
     <span class='ocr_line' id='line_1_24' title="bbox 300 3481 1395 3565; baseline 0.002 -23"><span class='ocrx_word' id='word_1_167' title='bbox 300 3501 302 3506; x_wconf 92' lang='lat'>·</span> <span class='ocrx_word' id='word_1_168' title='bbox 392 3483 475 3561; x_wconf 90' lang='lat' dir='ltr'><strong>quod</strong></span> <span class='ocrx_word' id='word_1_169' title='bbox 509 3482 600 3564; x_wconf 80' lang='lat' dir='ltr'><strong>vulgo</strong></span> <span class='ocrx_word' id='word_1_170' title='bbox 623 3492 711 3562; x_wconf 82' lang='lat' dir='ltr'><strong>ponte</strong></span> <span class='ocrx_word' id='word_1_171' title='bbox 741 3485 779 3544; x_wconf 88' lang='lat' dir='ltr'><strong>dn</strong></span> <span class='ocrx_word' id='word_1_172' title='bbox 809 3494 955 3545; x_wconf 75' lang='lat' dir='ltr'><strong>metatore</strong></span> <span class='ocrx_word' id='word_1_173' title='bbox 985 3484 1188 3565; x_wconf 88' lang='lat' dir='ltr'><strong>appellamus.</strong></span> <span class='ocrx_word' id='word_1_174' title='bbox 1241 3481 1395 3545; x_wconf 77' lang='lat' dir='ltr'><strong>Dehisce</strong></span> 
     </span>
    </p>
   </div>
   <div class='ocr_carea' id='block_1_6' title="bbox 394 3593 1397 4354">
    <p class='ocr_par' dir='ltr' id='par_1_8' title="bbox 394 3593 1396 4129">
     <span class='ocr_line' id='line_1_25' title="bbox 394 3593 1393 3678; baseline 0.006 -24"><span class='ocrx_word' id='word_1_175' title='bbox 394 3593 648 3668; x_wconf 63' lang='lat' dir='ltr'><strong>machinis,&#39;seu</strong></span> <span class='ocrx_word' id='word_1_176' title='bbox 677 3596 889 3676; x_wconf 84' lang='lat' dir='ltr'><strong>pegmatibus,</strong></span> <span class='ocrx_word' id='word_1_177' title='bbox 936 3597 1099 3678; x_wconf 90' lang='lat' dir='ltr'><strong>perspicue</strong></span> <span class='ocrx_word' id='word_1_178' title='bbox 1129 3597 1264 3658; x_wconf 86' lang='lat' dir='ltr'><strong>Isidorus</strong></span> <span class='ocrx_word' id='word_1_179' title='bbox 1295 3595 1393 3678; x_wconf 80' lang='lat' dir='ltr'><strong>(Orig.</strong></span> 
     </span>
     <span class='ocr_line' id='line_1_26' title="bbox 394 3705 1396 3790; baseline 0 -23"><span class='ocrx_word' id='word_1_180' title='bbox 394 3708 477 3768; x_wconf 79' lang='lat' dir='ltr'><strong>xlx.</strong></span> <span class='ocrx_word' id='word_1_181' title='bbox 492 3705 537 3789; x_wconf 83' lang='lat'><strong>8).</strong></span> <span class='ocrx_word' id='word_1_182' title='bbox 570 3707 778 3780; x_wconf 85' lang='lat' dir='ltr'><strong>„Machlones</strong></span> <span class='ocrx_word' id='word_1_183' title='bbox 801 3709 872 3771; x_wconf 91' lang='lat' dir='ltr'><strong>dicti</strong></span> <span class='ocrx_word' id='word_1_184' title='bbox 897 3729 915 3771; x_wconf 90' lang='lat' dir='ltr'><strong>a</strong></span> <span class='ocrx_word' id='word_1_185' title='bbox 939 3707 1090 3770; x_wconf 90' lang='lat' dir='ltr'><strong>machinis</strong></span> <span class='ocrx_word' id='word_1_186' title='bbox 1114 3709 1227 3790; x_wconf 86' lang='lat' dir='ltr'><strong>quihus</strong></span> <span class='ocrx_word' id='word_1_187' title='bbox 1250 3709 1396 3771; x_wconf 88' lang='lat' dir='ltr'><strong>insistunt</strong></span> 
     </span>
     <span class='ocr_line' id='line_1_27' title="bbox 396 3820 1393 3902; baseline 0.002 -22"><span class='ocrx_word' id='word_1_188' title='bbox 396 3827 549 3900; x_wconf 82' lang='lat' dir='ltr'><strong>„propter</strong></span> <span class='ocrx_word' id='word_1_189' title='bbox 582 3820 773 3883; x_wconf 85' lang='lat' dir='ltr'><strong>altitudinem</strong></span> <span class='ocrx_word' id='word_1_190' title='bbox 801 3821 990 3902; x_wconf 86' lang='lat' dir='ltr'><strong>parietum.“</strong></span> <span class='ocrx_word' id='word_1_191' title='bbox 1045 3821 1131 3882; x_wconf 88' lang='lat' dir='ltr'><strong>Unde</strong></span> <span class='ocrx_word' id='word_1_192' title='bbox 1162 3822 1245 3902; x_wconf 90' lang='lat' dir='ltr'><strong>apud</strong></span> <span class='ocrx_word' id='word_1_193' title='bbox 1278 3821 1393 3892; x_wconf 88' lang='lat' dir='ltr'><strong>Gallos,</strong></span> 
     </span>
     <span class='ocr_line' id='line_1_28' title="bbox 396 3931 1396 4016; baseline 0 -22"><span class='ocrx_word' id='word_1_194' title='bbox 396 3953 550 3995; x_wconf 90' lang='lat' dir='ltr'><strong>murorum</strong></span> <span class='ocrx_word' id='word_1_195' title='bbox 587 3941 753 3996; x_wconf 83' lang='lat' dir='ltr'><strong>structores</strong></span> <span class='ocrx_word' id='word_1_196' title='bbox 778 3936 876 3996; x_wconf 87' lang='lat' dir='ltr'><strong>vocati</strong></span> <span class='ocrx_word' id='word_1_197' title='bbox 911 3955 1033 4008; x_wconf 74' lang='lat' dir='ltr'><strong>macone.</strong></span> <span class='ocrx_word' id='word_1_198' title='bbox 1082 3935 1200 3996; x_wconf 85' lang='lat' dir='ltr'><strong>Adsunt</strong></span> <span class='ocrx_word' id='word_1_199' title='bbox 1223 3931 1254 3996; x_wconf 83' lang='lat' dir='ltr'><strong>el</strong></span> <span class='ocrx_word' id='word_1_200' title='bbox 1276 3933 1396 4016; x_wconf 82' lang='lat' dir='ltr'><strong>glossae</strong></span> 
     </span>
     <span class='ocr_line' id='line_1_29' title="bbox 394 4046 1202 4129; baseline 0.007 -23"><span class='ocrx_word' id='word_1_201' title='bbox 394 4046 561 4119; x_wconf 78' lang='lat' dir='ltr'><strong>CavenseS,</strong></span> <span class='ocrx_word' id='word_1_202' title='bbox 587 4047 638 4108; x_wconf 90' lang='lat' dir='ltr'><strong>ubi</strong></span> <span class='ocrx_word' id='word_1_203' title='bbox 663 4047 773 4129; x_wconf 86' lang='lat' dir='ltr'><strong>legitur</strong></span> <span class='ocrx_word' id='word_1_204' title='bbox 796 4050 909 4108; x_wconf 79' lang='lat' dir='ltr'><strong>morino</strong></span> <span class='ocrx_word' id='word_1_205' title='bbox 931 4049 961 4108; x_wconf 78' lang='lat' dir='ltr'><strong>id</strong></span> <span class='ocrx_word' id='word_1_206' title='bbox 985 4057 1023 4108; x_wconf 84' lang='lat' dir='ltr'><strong>est</strong></span> <span class='ocrx_word' id='word_1_207' title='bbox 1041 4057 1202 4126; x_wconf 78' lang='lat' dir='ltr'><strong>pontonem.</strong></span> 
     </span>
    </p>

    <p class='ocr_par' dir='ltr' id='par_1_9' title="bbox 394 4153 1397 4354">
     <span class='ocr_line' id='line_1_30' title="bbox 480 4153 1397 4238; baseline -0.002 -19"><span class='ocrx_word' id='word_1_208' title='bbox 480 4153 535 4219; x_wconf 84' lang='lat' dir='ltr'><strong>Det</strong></span> <span class='ocrx_word' id='word_1_209' title='bbox 561 4162 645 4238; x_wconf 85' lang='lat' dir='ltr'><strong>pedes</strong></span> <span class='ocrx_word' id='word_1_210' title='bbox 674 4163 948 4238; x_wconf 76' lang='lat' dir='ltr'><strong>centumoctoplretn</strong></span> <span class='ocrx_word' id='word_1_211' title='bbox 971 4161 1144 4220; x_wconf 79' lang='lat' dir='ltr'><strong>insolidum</strong></span> <span class='ocrx_word' id='word_1_212' title='bbox 1177 4179 1276 4226; x_wconf 78' lang='lat' dir='ltr'><strong>onum,</strong></span> <span class='ocrx_word' id='word_1_213' title='bbox 1310 4178 1397 4237; x_wconf 81' lang='lat' dir='ltr'><strong>usque</strong></span> 
     </span>
     <span class='ocr_line' id='line_1_31' title="bbox 394 4271 1397 4354; baseline -0.001 -22"><span class='ocrx_word' id='word_1_214' title='bbox 394 4273 432 4332; x_wconf 83' lang='lat' dir='ltr'><strong>ad</strong></span> <span class='ocrx_word' id='word_1_215' title='bbox 449 4273 534 4350; x_wconf 81' lang='lat' dir='ltr'><strong>padre</strong></span> <span class='ocrx_word' id='word_1_216' title='bbox 557 4273 678 4350; x_wconf 79' lang='lat' dir='ltr'><strong>quinque</strong></span> <span class='ocrx_word' id='word_1_217' title='bbox 700 4291 819 4336; x_wconf 80' lang='lat' dir='ltr'><strong>aureum.</strong></span> <span class='ocrx_word' id='word_1_218' title='bbox 868 4271 991 4334; x_wconf 84' lang='lat' dir='ltr'><strong>Scilicet</strong></span> <span class='ocrx_word' id='word_1_219' title='bbox 1026 4272 1109 4352; x_wconf 90' lang='lat' dir='ltr'><strong>quod</strong></span> <span class='ocrx_word' id='word_1_220' title='bbox 1144 4293 1161 4332; x_wconf 93' lang='lat' dir='ltr'>v</span> <span class='ocrx_word' id='word_1_221' title='bbox 1191 4273 1305 4354; x_wconf 86' lang='lat' dir='ltr'><strong>pedum</strong></span> <span class='ocrx_word' id='word_1_222' title='bbox 1329 4271 1397 4332; x_wconf 88' lang='lat' dir='ltr'><strong>alti-</strong></span> 
     </span>
    </p>
   </div>
   <div class='ocr_carea' id='block_1_7' title="bbox 0 0 1616 5222">
    <p class='ocr_par' dir='ltr' id='par_1_10' title="bbox 0 0 1616 5222">
     <span class='ocr_line' id='line_1_32' title="bbox 0 0 1616 5222; baseline 0 0"><span class='ocrx_word' id='word_1_223' title='bbox 0 0 1616 5222; x_wconf 95' lang='lat' dir='ltr'><strong> </strong></span> 
     </span>
    </p>
   </div>
  </div>
 </body>
</html>
