3172 5228
462 551 599 600 snrcruu
622 551 687 603 cur.
708 549 774 595 π·-
788 550 834 596 tm.
1162 537 1202 600 il

230 701 294 778 (Π.)
319 705 379 763 fld-
401 704 431 761 Si
452 704 516 778 qnis
530 705 615 762 elium
628 705 777 778 pulsaverit
790 705 825 760 de
840 719 919 761 servo
932 720 982 761 ruo
990 713 1042 762 aar
1050 706 1201 774 aldionem,

152 803 227 876 qnod
249 804 350 862 lurtum
372 810 418 860 aut
439 803 621 860 lrumicidium
647 809 694 860 aut
714 803 827 876 aliquod
847 804 953 859 malum
973 804 1091 873 fecissit,
1121 804 1144 860 si
1166 804 1204 860 ri-

151 909 259 957 ventem
279 901 340 973 ipso
362 917 440 956 servo
462 908 508 957 aut
529 893 669 957 aldionem
691 917 753 957 eum
775 901 891 974 pulsavit
919 908 947 957 et
967 901 1202 974 conpellatiunem

151 999 225 1069 iecit,
248 999 330 1055 iaciat
350 999 374 1055 ei
393 997 529 1070 justitiam
550 999 718 1071 quandoque
740 999 863 1071 pulsatus
884 998 975 1054 luerit.
1003 1000 1072 1056 llam
1092 999 1114 1054 si
1137 1000 1203 1055 dum

149 1097 209 1169 ipse
231 1113 325 1152 servus
354 1095 491 1152 advixerit
517 1096 662 1152 dominum
692 1096 751 1168 ejus
781 1111 838 1152 non
859 1097 1026 1169 pulsaverit,
1059 1096 1112 1154 nisi
1140 1104 1205 1169 post

150 1201 268 1251 mortem
289 1194 360 1252 servi
381 1201 427 1250 aut
447 1193 568 1249 aldionis
595 1193 681 1265 ipsius
703 1193 835 1266 quesierit
866 1211 881 1250 a
907 1193 1021 1250 domine
1042 1194 1100 1266 ejas
1127 1202 1158 1250 ut
1177 1194 1203 1250 ei

147 1292 279 1364 justitiam
310 1292 410 1356 iaciat,
435 1291 607 1347 decrevimus
628 1299 657 1346 ut
679 1291 783 1346 nullam
811 1291 969 1348 facundiam
991 1291 1090 1348 lrabeat
1111 1291 1203 1364 requi·

149 1390 240 1460 rendi,
262 1390 286 1446 si
307 1389 415 1447 virente
435 1404 515 1444 servu
537 1395 583 1445 aut
599 1389 740 1445 aldionem
762 1389 953 1460 nonpuisavit
970 1389 1114 1446 donicum
1127 1390 1201 1462 eltis:

150 1489 215 1562 quic
235 1487 336 1560 injuste
358 1487 439 1542 nobis
457 1487 594 1559 apparuit,
617 1493 648 1542 ut
663 1493 775 1559 posteus
796 1501 874 1542 servo
896 1494 943 1544 eut
952 1487 1094 1544 aldionem
1111 1487 1202 1560 ipsum

150 1586 291 1658 inquirere
313 1601 368 1640 non
391 1590 491 1657 potest,
515 1588 546 1640 ut
565 1584 590 1640 ei
612 1583 733 1656 aliquam
750 1583 884 1656 justitiam
907 1584 995 1642 iaciat.

229 1680 307 1757 (m.)
338 1684 403 1740 illl.
435 1682 464 1737 si
486 1698 578 1738 servus
600 1682 797 1754 cujuscumque
817 1682 946 1740 atrcillcm
967 1683 1078 1739 alterius
1099 1681 1202 1746 tulerit,

130 1788 178 1836 =et
198 1780 327 1836 dominus
348 1779 465 1836 ancillae
486 1795 548 1836 eam
576 1779 745 1835 libertarerit
775 1773 804 1835 et
831 1779 935 1835 emund
962 1779 1082 1848 lecerit,
1108 1777 1203 1836 autsi

149 1893 211 1934 eam
231 1877 388 1934 vindederit
416 1877 511 1949 etqui
534 1881 603 1932 'eam
629 1875 695 1932 emit
723 1877 821 1933 deluso
842 1876 935 1932 anime
956 1860 1146 1942 libertarent,
1177 1881 1206 1932 et

149 1990 243 2032 servus
257 1973 317 2046 ipse
331 1973 360 2030 in
376 1974 522 2029 servicium
534 1974 727 2046 permanserit,
751 1974 857 2030 amittat
873 1974 931 2046 ipsa
946 1974 1101 2030 libertatem
1112 1989 1201 2042 suam,

148 2080 176 2129 et
196 2075 232 2128 sit
252 2072 381 2128 ancilium
402 2071 492 2141 regist
515 2079 541 2126 et
563 2071 623 2144 ipse
644 2071 691 2144 qui
713 2087 773 2127 eam
794 2070 963 2127 libertarent
983 2080 1124 2144 corrpunat
1144 2069 1205 2141 νοῇ
1238 2097 1242 2105 ·

149 2170 231 2227 aliam
254 2171 354 2239 talem,
377 2175 425 2224 aut
443 2168 568 2241 preciun
590 2174 725 2242 quantum
745 2169 805 2242 ipsa
826 2169 959 2238 valuerit,
983 2169 1115 2241 ecquod
1136 2185 1204 2224 cen-
1280 2179 1281 2186 ¹

146 2268 254 2324 ludium
274 2267 350 2324 lecit.
394 2267 494 2323 Servus
514 2282 580 2322 reru
598 2266 661 2338 ⁴ipse
682 2266 718 2322 sit
738 2267 766 2322 in
789 2272 952 2338 potestatem
970 2267 1081 2323 domini:
1099 2267 1151 2335 sui,
1175 2272 1203 2322 et

148 2365 278 2422 ancillam
298 2365 387 2437 ipsam
405 2364 486 2420 iaciat
502 2351 632 2420 dominus
650 2367 719 2420 servi
741 2381 819 2420 suam
835 2380 898 2420 cum
915 2365 1045 2437 pretium,
1068 2371 1116 2420 aut
1135 2379 1203 2436 qua-

148 2463 211 2520 liter
231 2463 288 2534 regi
312 2463 439 2535 optinere
460 2461 591 2534 putruerit.
676 2453 679 2456 ’
848 2441 850 2448 ’

229 2557 321 2634 (ΗΠ.)
353 2562 423 2618 000
447 2561 489 2616 lle
516 2574 608 2632 puero
632 2559 703 2615 intre
734 2551 854 2616 aetatem
878 2558 1001 2614 decrerit
1026 2551 1205 2615 clementium¹

148 2665 271 2715 nostram
293 2675 355 2714 cum
375 2657 478 2714 nostris
495 2657 635 2730 jndicibus
656 2658 697 2712 vel
719 2656 832 2729 reliquis
852 2656 1061 2728 Langobardis,
1083 2663 1114 2712 ut
1128 2656 1206 2712 sicut

146 2756 176 2812 in
197 2757 282 2812 alium
304 2755 446 2812 bominem
467 2755 504 2811 de
522 2757 606 2813 rebus
626 2754 684 2813 suis
705 2754 772 2812 dum
792 2755 864 2811 intre
892 2761 1009 2811 aetatem
1036 2762 1077 2810 est
1097 2754 1205 2810 donare

148 2870 208 2908 non
227 2859 336 2925 potest,
368 2853 406 2909 ita
428 2869 480 2912 nee
500 2853 559 2924 regi
581 2853 687 2909 donare
707 2853 798 2924 possit
816 2859 967 2925 antequam
991 2851 1029 2928 nd
1050 2852 1205 2922 legitimum

148 2949 292 3022 perveniat
328 2957 466 3018 aetatem
509 2951 574 3024 quia
603 2950 638 3006 de
672 2965 783 3006 causam
811 2949 892 3006 istam
921 2951 1008 3007 multe
1037 2947 1202 3006 intentionis

147 3047 270 3104 luerunt.
364 3073 370 3084 ν

228 3140 285 3218 (V.)
306 3133 398 3201 10⁰}
418 3143 492 3199 Nulli
513 3142 549 3199 sit
568 3142 709 3199 licentiam
731 3141 853 3215 qualerit
872 3141 1034 3207 mulierem,
1055 3141 1206 3198 mundium

148 3243 207 3316 ejas
228 3243 334 3299 habens
355 3241 384 3298 in
406 3248 587 3313 potestatem,
618 3246 683 3314 post
711 3246 831 3297 mortem
859 3239 950 3296 mariti
981 3241 1022 3296 sui
1050 3247 1114 3296 arete
1135 3239 1204 3295 anei

147 3339 272 3413 spacium
294 3355 355 3395 eam
376 3343 466 3395 velare
492 3345 539 3394 aut
558 3337 724 3395 monachico
745 3337 840 3395 habitu
860 3338 987 3396 induere.
1030 3339 1066 3394 llt
1086 3338 1108 3394 si
1130 3338 1202 3410 ipsa,

147 3453 197 3492 sua
217 3437 397 3506 voluntatem,
419 3443 482 3492 ante
503 3435 569 3492 euni
586 3435 711 3508 spacium
731 3435 786 3492 hcc
804 3436 895 3492 facere
912 3435 1089 3508 disposuerit,
1110 3434 1203 3492 veniat

147 3535 183 3591 ad
203 3534 335 3606 palatium
356 3533 432 3605 regi,
462 3540 490 3590 et
510 3533 584 3590 dicet
603 3533 768 3590 clementiae
789 3533 847 3606 ejus
868 3534 1036 3590 veluntatem
1055 3548 1153 3598 suamc
1175 3537 1205 3588 et

148 3631 317 3703 interrogate
348 3633 402 3688 rel*
419 3631 550 3704 inquisita
572 3631 723 3702 diligenter
742 3649 757 3687 a
779 3648 855 3702 rege,
888 3648 938 3704 per
957 3632 1016 3704 ejus
1037 3631 1203 3704 permissum

148 3729 266 3802 accipiat
286 3729 435 3802 religiones
456 3729 590 3787 velamen.
613 3728 642 3785 Si
664 3745 728 3785 reru
749 3737 813 3786 ante
835 3730 902 3786 anui
917 3729 1039 3802 spacium
1061 3729 1120 3786 sine
1137 3745 1203 3801 per·

148 3827 262 3885 missum
283 3825 356 3897 regis
376 3827 438 3900 quis
460 3827 512 3882 hcc
528 3826 617 3884 lacere
637 3827 846 3900 presumpserit,
870 3834 1011 3902 conponat
1030 3827 1088 3897 regi
1110 3825 1202 3882 widri-

149 3924 207 3994 gild
232 3939 328 3989 suum;
360 3925 475 3982 mundio
502 3938 567 3980 veru
587 3924 711 3982 mulieris
741 3926 783 3982 vel
804 3941 848 3982 res
869 3927 927 3999 ejus
947 3925 1075 3999 propriae
1096 3922 1201 3980 sintin

149 4027 313 4096 potestatem
333 4022 437 4094 palatii.
472 4021 543 4091 Quia
565 4022 613 4095 qui
634 4023 688 4079 lroc
708 4030 772 4080 ante
793 4025 859 4082 anni
880 4024 1002 4097 spacium
1023 4023 1113 4079 lacere
1135 4038 1203 4095 que-

150 4120 196 4190 rit,
229 4126 343 4193 propter
362 4121 470 4190 logrum
492 4120 627 4193 pecuniae
654 4121 696 4177 vel
717 4121 819 4178 saeculi
847 4121 927 4194 hujus
948 4121 1127 4194 cupiditatem
1147 4120 1202 4176 lruc

149 4220 240 4276 iacere
261 4218 366 4292 quierit,
392 4235 456 4274 nam
478 4235 534 4276 nun
557 4219 594 4275 ub
615 4234 738 4275 amorem
766 4219 834 4284 Dei,
864 4226 910 4275 eut
937 4219 1045 4276 animae
1071 4218 1129 4291 ejus
1149 4219 1202 4275 sal-

150 4317 283 4383 vandam3
316 4317 380 4389 quia
402 4323 604 4389 postmortem
625 4316 676 4373 viri
698 4316 757 4383 sui,
788 4317 861 4373 dnm'
874 4317 956 4373 dolor
974 4333 1073 4374 recens
1093 4321 1149 4386 est,
1171 4316 1201 4372 in

150 4417 232 4490 quale
257 4421 363 4488 partem
394 4399 511 4472 voluerit
531 4416 654 4474 animum
675 4415 734 4487 ejus
755 4414 889 4475 inclinare
910 4421 1019 4487 potest:
1053 4431 1118 4472 nam
1139 4429 1201 4470 cum

150 4514 180 4570 in
200 4530 230 4572 se
249 4513 404 4584 revertitur,
426 4519 455 4570 et
474 4513 564 4572 camis
585 4512 771 4570 delictatiouis
791 4511 831 4570 eis
851 4513 1007 4583 obvenerit,
1028 4512 1107 4586 quod
1123 4510 1202 4586 peius
