3198 5222
1129 491 1193 554 tau

138 663 165 744 et
185 655 274 730 (prolis
301 654 420 717 fidelitas
440 660 496 723 est,
530 657 596 713 dum
624 656 673 714 ille
705 674 768 714 cum
792 656 895 729 judicis
922 663 968 714 aut
995 665 1117 716 actorem
1146 668 1192 718 aut

136 755 277 812 aldionem
299 754 341 810 rel
368 769 448 812 servo
470 755 634 811 conludium
661 754 740 822 lacit,
771 761 798 811 et
825 771 870 811 res
896 763 990 816 nostra
1010 764 1107 813 contra
1140 775 1191 814 uo-

136 860 219 909 stram
241 853 410 907 voluntatem
431 851 555 910 invadit?
577 851 649 920 Quia
669 853 723 908 huc
744 857 874 912 statutum
895 860 936 909 est
956 853 985 909 in
998 855 1139 925 Edictum,
1163 863 1192 912 ut

138 951 184 1024 qui
204 951 239 1006 de
261 940 339 1006 ser'ro
356 955 403 1005 aut
416 949 557 1030 aldionem
569 951 770 1022 conparaverit,
795 951 890 1023 perdat
906 953 1042 1023 pretium3
1065 959 1092 1008 et
1109 953 1190 1029 quale
1293 988 1298 1000 ·

137 1051 228 1120 legem
250 1047 384 1120 unusquis
404 1047 614 1117 Langobardus·
635 1047 688 1104 sibi
713 1040 815 1104 babere
837 1047 908 1118 vult,
939 1051 1020 1106 talem
1049 1051 1132 1108 debet
1155 1052 1191 1108 ad

137 1152 242 1204 curtem
264 1139 386 1202 nostram
408 1163 579 1204 conservare.
616 1145 734 1218 Elquis
755 1147 840 1205 modo
867 1148 1028 1220 conparavit
1056 1132 1103 1206 adt
1127 1149 1190 1206 inti·
1267 1168 1283 1205 .·

136 1245 266 1315 ductavit,
288 1245 387 1317 perdat
407 1245 529 1316 pretium
542 1259 623 1300 suum
644 1245 796 1325 monadum
817 1245 911 1300 Edieli
927 1247 1032 1311 tinore;
1054 1247 1102 1319 qui
1125 1265 1189 1304 vero

135 1343 188 1398 hoo
209 1341 294 1399 modo
315 1341 405 1398 iacere
426 1342 642 1414 presumpserit,
673 1347 701 1397 et
721 1342 840 1413 pretium
863 1343 973 1414 perdat,
1003 1352 1030 1398 et
1050 1345 1121 1401 sicut
1141 1346 1188 1418 qui

135 1456 179 1496 res
200 1441 305 1496 alienas
317 1439 391 1496 malo
414 1439 512 1495 ordine
531 1439 637 1495 invadit
648 1438 789 1498 nesciente
805 1440 921 1496 domino
935 1450 1090 1513 conponat:
1113 1451 1190 1500 actor

134 1555 198 1595 vero
220 1539 327 1595 amittat
340 1538 520 1600 substantiam
538 1552 617 1593 suam
631 1537 678 1609 qui
700 1537 755 1592 boo
768 1538 951 1607 consenserit,
974 1513 1044 1596 sicut
1062 1541 1187 1612 superius

135 1635 245 1706 legitur.
268 1636 337 1692 Nam
358 1635 381 1691 si
403 1651 453 1690 uos
474 1635 667 1703 relaxavimus,
690 1633 881 1708 unusquisque
900 1635 1003 1692 habere
1025 1636 1125 1694 debeat
1146 1639 1189 1696 cui

135 1741 298 1806 preceptum
319 1732 436 1789 fecimus
455 1740 503 1789 aut
522 1733 681 1810 fecerimus.
747 1787 750 1790 .

171 1847 242 1907 (Huc
259 1851 321 1898 item
337 1848 651 1899 relerende'brurruauar
670 1851 736 1912 regis
756 1849 1104 1911 capitoliorum-cumam
1125 1850 1189 1900 torte

133 1939 210 1988 etlam
230 1938 340 2000 capitula
359 1949 476 1998 uruit,
498 1949 590 1998 exitu,
611 1933 696 2000 curt.)

389 2190 395 2195 .
537 2123 653 2186 ultus
675 2121 781 2187 stein

291 2247 426 2308 (Kalendis
446 2223 558 2317 martiis,
579 2261 646 2298 euno
664 2245 804 2340 accunt
823 2252 849 2297 et
865 2225 1035 2311 DC'GXLVI.)

165 2345 395 2442 (fluo‘uerunent.
417 2385 483 2434 quae
502 2385 532 2422 er
551 2372 684 2423 codlclbue
703 2376 729 2422 lu
747 2376 804 2435 ipso
820 2372 902 2430 Edisti
921 2382 1027 2434 corpore
1047 2372 1185 2433 edidimus,

131 2464 233 2514 meurs
251 2466 318 2527 regis
338 2462 448 2524 capitula
468 2471 536 2511 1-rr11
555 2467 581 2512 et
599 2453 750 2528 1111-11111.)

511 2645 688 2738 [luoruu
708 2643 815 2710 naurs.

436 2771 522 2837 (anno
541 2771 683 2826 nccnuu
694 2801 727 2808 -
738 2769 885 2836 nccuvr.)

642 2923 666 2981 Ι·
765 2935 767 2938 .

176 3009 178 3016 ¹
207 3037 246 3096 Et
266 3040 319 3096 hoo
340 3037 405 3095 addi
427 3037 531 3111 placuit
552 3037 649 3104 nobis,
680 3044 710 3093 ut
731 3037 823 3094 nullus
844 3038 1018 3096 sacerdotum
1044 3037 1073 3094 in
1101 3037 1184 3094 rebus

126 3138 377 3212 Langobardorum
409 3135 570 3192 auctoritate
605 3134 718 3208 propria
750 3135 854 3208 absque
880 3132 986 3207 judicio
1014 3133 1183 3192 calculorum
1262 3209 1265 3215 Ι
1331 3136 1335 3147 “

125 3237 229 3294 intrare
250 3240 434 3309 presummat,
468 3250 559 3306 neque
585 3233 735 3306 quisquam
762 3231 1013 3304 Langobardorum
1038 3231 1069 3287 iu
1099 3231 1182 3292 rebus

125 3335 309 3403 eclesiarum,
340 3333 531 3402 sacerdotum,
562 3329 618 3388 sire
639 3329 822 3400 clericorum,
853 3329 1051 3403 prevalcudum
1078 3328 1181 3386 intrare

124 3439 301 3506 presummat.
344 3431 374 3487 Si
396 3429 457 3504 quis
479 3431 581 3487 amodo
609 3438 664 3486 tam
686 3429 886 3501 langobardus
907 3445 990 3502 quam
1012 3429 1101 3485 clerus
1122 3441 1181 3484 rem

123 3532 177 3589 sibi
196 3525 351 3588 indebitam
372 3531 476 3602 absque
501 3527 607 3600 judicio
634 3543 767 3600 usurpare
788 3527 1001 3600 presumpserit,
1036 3525 1084 3599 qul
1114 3523 1181 3583 con·

123 3629 210 3689 rictus
231 3628 313 3686 luerit
333 3630 385 3686 bec
407 3611 504 3685 iecisse
532 3645 564 3684 ea
591 3627 728 3682 sententia
755 3625 885 3695 feriatur,
917 3631 948 3681 ut
975 3625 1095 3681 eandem
1122 3640 1181 3686 rem

122 3745 207 3802 quam
227 3727 326 3785 invasit
347 3743 409 3784 cum
430 3725 485 3784 alia
506 3727 559 3782 tale
581 3723 674 3782 eidem
695 3723 740 3781 cui
761 3725 816 3781 rim
837 3724 928 3781 ablata
949 3729 991 3780 est
1005 3723 1140 3783 restituat.

632 3860 668 3920 ll.
685 3900 686 3903 η

201 3977 274 4034 Villa
293 3967 424 4048 exceptio
451 3975 594 4042 villarum,
625 3971 820 4046 etppiscatoria
847 3943 1021 4043 manufacta,
1054 3977 1082 4026 et
1103 3945 1179 4044 uuic-

121 4077 188 4149 quid
209 4075 330 4132 tussibus
355 4081 402 4130 aut
426 4074 539 4146 sepibus
568 4074 610 4130 vel
636 4073 718 4128 etiam
747 4070 834 4126 alium
861 4085 963 4139 genere
989 4069 1177 4126 clausurarum

120 4174 274 4231 mimitioee
296 4171 476 4244 praelegitur,
499 4169 619 4226 edodem
640 4168 805 4225 inmunitate
823 4173 852 4222 et
872 4166 1083 4234 temeratoribus
1100 4166 1177 4223 dica·
1267 4226 1274 4240 ,

120 4280 163 4329 tur
183 4287 285 4343 eampo
313 4278 341 4326 ct
370 4269 437 4325 silva
464 4275 522 4340 <que
551 4264 864 4336 siue‘laboraliouibus
886 4269 956 4335 sunt,
983 4264 1060 4320 nullo
1090 4264 1176 4319 modo

119 4369 276 4426 munitione
291 4367 452 4438 cinguntur,
471 4383 526 4420 non
544 4368 605 4438 plus
618 4363 783 4424 inmunitate
801 4363 915 4426 uomina
929 4363 1069 4434 conplete,
1092 4377 1181 4444 quam

119 4467 242 4526 ebusus
258 4459 441 4540 monnarii]

978 4551 1015 4638 ιο
