3172 5228
378 530 421 591 26
772 541 927 590 norntars
949 524 1042 588 ardis

457 697 538 756 181.
560 693 613 770 (De
631 692 755 770 nuptiis)
786 695 815 750 Si
836 700 916 768 pater
935 693 1022 750 flliam
1044 707 1122 749 suam
1143 695 1192 747 aut
1211 689 1295 746 irater
1314 703 1439 746 sororem

377 795 535 866 legetimam
558 793 605 850 alii
626 793 661 850 ad
683 791 814 848 maritum
836 791 963 861 dederit,
995 791 1024 846 in
1058 789 1111 847 hoc
1132 788 1200 846 sibi.
1215 789 1251 846 sit
1279 791 1440 858 contempta

378 894 412 950 de
434 891 503 965 patri
525 893 567 947 vel
591 892 626 948 de
648 891 726 948 matri
746 889 912 955 substantia,
936 895 1075 962 quantum
1096 887 1121 944 ei
1139 893 1218 960 pater
1237 892 1286 942 aut
1305 884 1389 940 irater
1408 881 1439 938 in

377 990 439 1047 diae
461 989 617 1046 traditionis
640 989 801 1060 nuptiarum
822 988 942 1056 dederit,
967 1003 1031 1043 nam
1052 985 1172 1058 amplius
1193 1001 1250 1041 nen
1272 983 1438 1054 requiratur.

456 1090 539 1146 188.
563 1085 614 1160 (lle
634 1089 757 1154 viduam,
781 1087 887 1157 qualem
907 1087 1003 1141 tabeat
1024 1079 1185 1157 licentiam.)
1218 1080 1247 1138 Si
1269 1079 1440 1154 quis-filiam

377 1201 455 1243 suam
482 1193 531 1241 aut
556 1185 679 1257 qualevit
699 1191 844 1256 parentem
866 1181 895 1239 in
918 1181 1051 1255 conjugio
1072 1181 1118 1238 alii
1138 1181 1265 1250 dederit,
1297 1186 1325 1236 et
1346 1183 1444 1234 eonte-.

377 1285 448 1356 gerit
469 1300 549 1341 casus
571 1291 601 1338 ut
614 1283 659 1339 ille
677 1283 792 1338 maritus
803 1283 950 1350 moriatur,
970 1286 1136 1354 potestatem
1154 1280 1254 1336 habeat
1274 1277 1320 1334 illa
1339 1275 1438 1340 vedue',

377 1383 399 1440 si
421 1383 551 1447 voluerit,
576 1382 612 1437 ad
627 1379 714 1436 alium
729 1380 860 1436 maritum
871 1378 1043 1448 ambulandi,
1067 1377 1156 1434 libero
1167 1384 1269 1434 tamen.
1293 1373 1441 1432 Secundus

377 1487 470 1535 autera
492 1479 618 1542 maritus,
641 1478 774 1550 quinam
797 1479 895 1533 tollere
916 1477 1056 1550 disponit,
1080 1475 1115 1532 de
1136 1475 1195 1544 suis
1215 1473 1336 1547 propriis
1357 1471 1441 1528 rebus

379 1577 555 1633 medietatem
577 1577 668 1649 pretii,
693 1583 830 1648 quantum
852 1575 958 1632 dictum
979 1581 1021 1630 est
1041 1574 1157 1646 quando
1178 1570 1362 1644 comprimus
1383 1587 1441 1626 ma·

377 1666 447 1730 ritus
468 1673 627 1747 spunsavit,
662 1689 712 1745 pro
735 1672 794 1745 ipsa
815 1679 889 1728 meta
911 1673 977 1728 dare
999 1671 1097 1728 deveat
1125 1669 1152 1727 ei
1173 1671 1222 1743 qui
1243 1668 1356 1726 heredis
1376 1683 1441 1739 pro-

377 1771 469 1828 ximus
491 1771 582 1828 mariti
603 1769 690 1844 priori
712 1787 771 1828 esse
792 1770 945 1826 iuvenitur.
977 1769 1013 1826 Et
1033 1769 1056 1826 si
1078 1768 1203 1824 noluerit
1223 1781 1369 1839 accepere.
1393 1765 1441 1820 ha·

378 1869 443 1925 beat
464 1869 522 1941 ipsa
544 1869 645 1924 mulier
662 1869 837 1940 morgincap,
860 1875 889 1924 et
910 1867 987 1939 quod
1008 1867 1043 1922 de
1057 1874 1187 1938 parentes
1203 1865 1331 1933 adduxit,
1354 1862 1444 1918 idest

358 1967 507 2024 laderfio.
550 1966 677 2022 Parentis
707 1983 772 2022 vero
801 1965 861 2038 ejus
891 1971 1055 2038 potestatem
1076 1964 1196 2020 habeant
1216 1977 1277 2027 eam
1298 1959 1384 2016 dandi
1405 1958 1441 2014 ad

380 2065 467 2122 alium
489 2063 631 2132 maritum,
656 2063 713 2136 ubi
726 2063 777 2136 ipsi
800 2071 828 2120 et
849 2063 894 2119 illa
910 2063 1071 2125 voluerent;
1094 2069 1123 2117 et
1134 2060 1283 2116 mundium
1304 2057 1363 2130 ejus
1385 2057 1442 2129 pri·

380 2163 436 2218 oris
457 2163 549 2219 mariti
569 2169 699 2235 parentes
721 2178 778 2216 non
800 2160 932 2229 habeant,
955 2176 1005 2233 pro
1028 2177 1061 2217 eo
1084 2158 1161 2232 quod
1183 2156 1209 2214 ei
1231 2157 1442 2226 denegaverunt

380 2262 550 2318 volontatem
571 2276 669 2316 suam:
699 2259 762 2315 ideo
784 2259 880 2315 redeat
901 2259 1049 2314 mundium
1077 2257 1136 2330 ejus
1157 2257 1192 2312 ad
1213 2254 1358 2328 proximus
1378 2269 1442 2326 par·

378 2366 467 2428 entes,
491 2357 541 2431 qui
561 2358 640 2432 prius
661 2374 722 2414 eam
744 2357 779 2412 ad
800 2357 931 2412 maritum
953 2356 1111 2418 dederunt;
1142 2363 1169 2418 et
1188 2355 1210 2412 si
1232 2351 1357 2427 parentis
1383 2369 1440 2407 non

373 2457 480 2514 luerint
500 2456 634 2528 legetimi,
658 2462 726 2511 ωηο
754 2455 887 2510 mundius
909 2456 956 2511 ille
978 2455 1013 2510 ad
1035 2455 1121 2511 curtis
1142 2454 1200 2526 regi
1222 2457 1375 2526 perteneat.
1405 2451 1443 2506 Et

376 2557 398 2613 si
427 2555 488 2612 talis
509 2555 596 2611 luerit
614 2554 735 2617 mulier,
770 2570 843 2625 quae
870 2553 1002 2610 maritum
1030 2571 1087 2608 non
1108 2554 1179 2609 velte
1200 2559 1248 2610 aut
1269 2568 1327 2608 uon
1352 2549 1443 2626 possit

377 2654 498 2718 babere,
531 2653 568 2708 sit
589 2653 616 2707 in
639 2657 803 2726 potestatem
825 2651 911 2721 illius,
935 2652 969 2708 ad
991 2668 1076 2724 quem
1089 2651 1222 2707 mundius
1244 2651 1278 2706 de
1299 2668 1360 2706 earn
1378 2665 1443 2724 per·

376 2751 463 2808 tenit:
487 2757 515 2804 et
535 2749 558 2806 si
581 2748 632 2822 ipsi
655 2766 715 2806 eam
737 2749 809 2805 male
830 2749 959 2824 habuerit
981 2757 1028 2806 aut
1049 2749 1222 2818 tractaverit,
1247 2758 1274 2805 et
1295 2756 1438 2823 provatur,

376 2855 445 2904 ωηο
465 2849 554 2904 leceat
574 2864 636 2904 eam
658 2847 693 2904 ad
721 2847 842 2920 parentis
870 2863 936 2903 suos
966 2849 1084 2912 reverti;
1117 2854 1145 2903 et
1175 2847 1198 2902 si
1229 2847 1353 2919 parentis
1381 2863 1440 2902 oon

377 2943 518 3012 habuerit,
541 2950 608 3000 tunc
629 2945 664 3000 ad
684 2945 769 3002 curtis
791 2943 864 3015 regis
885 2945 985 3002 habeat
1001 2945 1151 3016 retugium,
1175 2951 1203 3000 et
1218 2932 1367 3000 mundium
1381 2945 1442 3021 ejus

374 3041 410 3099 sit
430 3043 458 3100 in
481 3039 644 3115 potestatem
665 3040 748 3113 regis.

423 3159 439 3164 ”
457 3142 540 3200 188.
563 3139 615 3212 (De
630 3141 778 3197 traditione
795 3141 898 3211 puellae
913 3147 961 3196 aut
976 3135 1119 3212 maiorm)
1141 3137 1171 3194 Si
1182 3139 1246 3212 quis
1260 3154 1311 3211 pro
1322 3138 1441 3196 liberam

378 3240 526 3295 mulierem
548 3244 598 3294 aut
617 3239 740 3310 puellam
761 3237 882 3293 mundio
901 3237 1026 3302 dederit,
1049 3243 1076 3292 et
1096 3237 1228 3293 convenit
1249 3245 1280 3293 ut
1300 3237 1327 3294 ei
1349 3237 1442 3294 uada-

377 3345 423 3393 tur
444 3337 479 3393 ad
501 3353 632 3401 osorem,
665 3343 820 3408 posteaque
843 3335 1015 3406 contegerit,
1046 3335 1145 3391 marito
1166 3343 1299 3406 mortuo,
1329 3343 1360 3390 ut
1379 3335 1441 3408 ipsa

378 3434 480 3491 mulier
500 3433 536 3490 ad
556 3432 643 3490 alium
665 3433 796 3490 maritum
818 3434 920 3490 debeat
940 3433 1094 3504 ambolare,
1116 3441 1166 3490 aut
1187 3434 1223 3491 ad
1244 3439 1375 3507 parentes
1395 3449 1443 3488 re·

378 3533 446 3591 verti
468 3539 515 3588 aut
536 3531 570 3589 ad
592 3538 700 3587 curtem
721 3531 815 3602 regis:
839 3537 906 3586 tune
927 3529 1039 3588 heredis
1060 3531 1151 3588 mariti
1172 3531 1275 3604 prioris
1296 3530 1442 3604 accepiant

379 3629 557 3686 medietatem
579 3629 614 3685 de
634 3636 727 3697 meta,
759 3629 830 3685 siout
850 3643 934 3701 supra
955 3628 1138 3684 constitutum
1159 3636 1217 3693 est,
1248 3636 1275 3685 et
1303 3630 1362 3702 ipsa
1389 3644 1442 3701 per

379 3744 462 3784 mano
481 3726 564 3783 simili
580 3727 665 3783 modo
682 3727 847 3794 retrudatur,
861 3727 932 3782 sicut
947 3727 1032 3799 priori
1050 3725 1151 3783 maritu
1169 3727 1269 3784 tradita
1281 3727 1351 3792 luite
1374 3744 1441 3784 nam

378 3825 458 3884 aliter
479 3824 541 3881 sine
562 3823 712 3880 traditione
735 3825 811 3879 nulla
833 3840 926 3880 rerum
948 3824 1067 3880 dicimus
1088 3825 1239 3882 subsistere
1269 3825 1440 3884 firmitatem.

457 3924 542 3981 184.
564 3919 617 3994 (De
646 3925 740 3978 exenio
770 3922 910 3996 nuptiali.)
952 3922 982 3978 si
1013 3924 1127 3995 quaudo
1155 3930 1233 3996 pater
1253 3923 1339 3978 tiliam
1359 3939 1441 3980 suam

379 4028 429 4079 aut
448 4021 532 4076 irater
551 4035 677 4076 sororem
698 4019 745 4082 alii
767 4020 803 4076 ad
824 4035 938 4076 exorem
960 4021 1129 4090 tradederit,
1158 4028 1187 4078 et
1206 4019 1293 4094 aliqui
1316 4038 1350 4076 ex
1371 4021 1441 4077 ami-

380 4119 423 4177 eis
443 4125 558 4190 accepto
580 4116 681 4174 exenio
709 4117 797 4190 ipsius
818 4117 943 4174 mulieris
965 4117 1065 4190 aliquit
1086 4117 1212 4187 dederit,
1244 4119 1274 4177 in
1295 4118 1384 4192 ipsius
1405 4116 1444 4175 sit

379 4223 544 4292 potestatem
565 4214 614 4288 qui
636 4215 785 4272 mundium
806 4216 841 4272 de
863 4232 896 4272 ea
917 4215 1000 4282 lecit3
1033 4232 1067 4272 eo
1089 4217 1166 4288 quod
1187 4217 1313 4284 maritus,
1336 4215 1360 4274 si
1380 4218 1443 4274 liu-

379 4315 491 4374 neehild
512 4313 678 4387 requisitum
700 4313 793 4379 luerit,
816 4313 876 4386 ipse
896 4313 971 4370 devit
990 4313 1119 4387 persolvi.

459 4413 545 4472 185.
567 4410 619 4488 (De
638 4415 753 4470 incertae
774 4421 797 4469 et
818 4415 940 4470 inuenitur
959 4401 1092 4486 nuptiae.)
1134 4412 1210 4472 Nulli
1229 4415 1319 4474 leoeet
1339 4431 1442 4472 nover-

381 4529 441 4572 cam
452 4529 542 4584 suam,
560 4511 590 4569 id
607 4518 649 4572 est
660 4510 829 4580 matriniam,
844 4508 895 4584 qui
912 4511 965 4567 luit
980 4527 1050 4568 uxor
1062 4511 1143 4584 patri,
1162 4529 1254 4585 neque
1269 4513 1436 4586 priuignam,
