3198 5222
491 511 628 570 anieron
652 525 717 586 cna.
739 526 792 567 aa
805 525 827 569 r.
1147 511 1209 572 tta

155 672 333 730 massaritias
348 673 448 730 babeat
474 674 588 732 loricam
616 691 681 732 cum
701 677 810 750 reliqua
831 679 991 736 conciatura
1012 694 1080 743 sua,
1111 679 1211 735 debeat

156 771 258 825 babere
279 777 306 826 et
327 770 468 835 caballos;
501 780 528 828 et
549 773 571 828 si
593 775 844 845 superhabuerit,
874 793 924 848 per
950 777 1001 832 isto
1023 792 1141 832 nurnero
1164 777 1211 832 de-

155 867 218 922 beat
235 867 341 922 babere
363 869 485 924 caballos
507 844 661 942 etreliqua
683 881 838 928 armatura·
876 877 944 929 ltern
967 875 1089 946 placuit,
1120 882 1150 929 nt
1171 874 1211 930 illi

156 963 283 1020 bomines
304 965 353 1036 qui
376 981 432 1020 non
456 967 559 1022 babent
583 983 660 1024 casas
689 969 877 1039 massaricias,
909 980 937 1028 et
965 973 1069 1028 babent
1093 973 1212 1045 quadra·

149 1060 230 1130 ‘ginta
249 1062 324 1133 jugis
346 1069 457 1132 terram,
482 1064 602 1119 babeant
622 1066 771 1134 caballum,
795 1075 905 1124 scutum
926 1078 953 1124 et
974 1072 1108 1125 lanceam.
1141 1071 1211 1126 item

155 1159 189 1214 de
211 1159 319 1215 minore
336 1161 463 1216 homines
481 1161 599 1232 principi
621 1159 736 1234 placuit,
761 1171 791 1219 ut
811 1164 834 1220 si
855 1167 1209 1238 possint'haberescutum,

156 1256 277 1314 habeant
298 1275 412 1314 coecora
434 1274 498 1313 cum
519 1261 631 1330 sagittas
649 1268 680 1315 et
700 1275 789 1320 arcos.
824 1304 826 1310 .

235 1343 317 1427 (111.)
350 1359 401 1415 8.Χ
415 1357 483 1411 ltern
511 1356 547 1412 de
574 1357 628 1413 illis
650 1359 812 1415 bominibus
833 1361 880 1432 qui
904 1361 1078 1430 negotiantes
1098 1369 1163 1416 sunt
1185 1368 1213 1417 et

155 1453 303 1525 pecuniam
324 1471 382 1510 non
404 1454 517 1519 babent,
541 1455 591 1526 qui
611 1464 677 1510 sunt
697 1456 817 1528 majores
836 1464 864 1512 ot
879 1464 1006 1529 potentes
1031 1459 1211 1515 babeantlo·

156 1541 241 1621 ri'cas,
273 1559 384 1622 scutos,
414 1559 442 1607 et
462 1553 601 1622 caballos,
636 1563 662 1609 et
683 1555 814 1619 lanceata
841 1563 876 1611 'et
905 1556 954 1628 qui
975 1564 1040 1611 sunt
1060 1565 1210 1628 sequentes

156 1649 277 1706 habeant
298 1651 430 1718 caballos,
455 1657 577 1720 scutum,
600 1660 628 1708 et
641 1654 786 1719 lanceam
809 1654 931 1710 minores
949 1655 1070 1710 babeant
1083 1669 1214 1710 coccoras

154 1763 217 1803 eum
239 1747 351 1817 sagittas
372 1756 399 1804 et
420 1757 508 1804 arcos.
670 1815 671 1818 Ἴ
759 1805 760 1810 ,
817 1801 819 1810 s

192 1891 193 1898 ,
235 1842 327 1918 (1111)
361 1847 397 1901 4.
435 1847 472 1901 Et
492 1845 546 1901 boe
566 1845 632 1902 item
655 1845 690 1901 de
710 1846 766 1902 illis
787 1845 966 1915 bominibus,
995 1845 1044 1918 qui
1067 1846 1210 1916 negotium

155 1942 272 1998 iecerint
296 1943 356 2000 sine
377 1944 519 2000 voluntate
546 1945 619 2014 regis
645 1960 709 1999 cum
737 1945 880 2000 Romanus
909 1945 1055 2000 homines:
1086 1944 1213 1999 siluerit

151 2041 238 2112 judex
260 2041 308 2113 qui
330 2043 383 2097 boc
404 2042 494 2098 lacere
515 2043 725 2114 presumpserit,
748 2049 891 2114 conponat
912 2041 1049 2112 widrigild
1069 2056 1162 2111 suurn,
1187 2049 1214 2097 et

156 2138 291 2193 bonorem
313 2155 396 2195 suum
416 2139 569 2205 ammittat;
600 2140 622 2194 si
654 2140 737 2195 luerit
757 2140 919 2196 erimannus
940 2141 1045 2208 bomo,
1075 2139 1212 2195 ammittat

154 2252 198 2291 res
219 2253 293 2305 suas,
317 2245 345 2292 et
364 2236 445 2293 vadat
466 2237 623 2293 decalvatus
644 2238 799 2296 clamando.
831 2237 883 2293 'Sic
904 2238 1024 2309 patiatur
1044 2237 1094 2310 qui
1115 2244 1212 2293 contra

154 2334 326 2389 aolrrntatem
353 2334 460 2390 domini
487 2335 530 2390 sui
555 2334 629 2404 regis
657 2351 721 2390 curn
744 2335 886 2392 Romanus
914 2335 1040 2392 homines
1068 2335 1212 2405 negotium

154 2431 250 2486 lecerit
270 2431 384 2503 quando
406 2433 466 2488 lites
489 2433 631 2490 babemus
664 2431 799 2488 Similiter
820 2440 962 2505 conponat
979 2433 1065 2505 judex
1093 2433 1141 2505 qui
1164 2450 1213 2489 ne-

154 2529 277 2598 glectum
298 2528 395 2586 lecerit
413 2531 449 2588 ad
470 2531 690 2603 inquirendum,
724 2531 747 2586 si
778 2539 841 2587 ante
867 2532 901 2588 ad
923 2532 982 2603 ejus
1003 2532 1129 2587 notitiam
1151 2547 1213 2603 per·

155 2627 230 2696 uenit
251 2627 327 2698 quod
349 2626 514 2707 erimannus
532 2628 591 2700 ejus
613 2627 666 2683 boc
687 2628 796 2684 lecisset
821 2637 869 2685 aut
895 2629 966 2690 alius
987 2629 1082 2684 bomo«
1101 2628 1130 2685 in
1151 2629 1213 2700 ejus

150 2723 298 2796 judicaria,
322 2734 463 2797 conponat
481 2726 733 2796 widrigild'suum,
757 2735 792 2782 et·
805 2728 940 2798 bonorem
963 2743 1047 2782 suum
1068 2741 1124 2780 non
1147 2742 1209 2798 per-

156 2823 221 2886 dat;
252 2830 279 2878 et
307 2823 328 2878 si
357 2825 458 2879 dixerit
482 2825 541 2896 ipse
560 2824 648 2896 judex
669 2825 747 2896 quod
777 2825 811 2879 ad
833 2825 892 2896 eJ'us
914 2825 1040 2880 notitiam
1072 2841 1128 2878 non
1150 2840 1213 2895 per-

155 2919 294 2988 venisset,
325 2921 452 2991 purificet
473 2937 507 2996 ¹se
540 2921 575 2977 ad
596 2929 690 2982 sancta
712 2921 763 2976 llei
785 2923 944 2992 evangelia,
980 2923 1057 2994 quod
1087 2922 1121 2976 ad
1156 2921 1216 2992 ejus

156 3017 289 3072 notitiam»
305 3034 362 3072 non
385 3019 563 3090 pervenisset.

232 3113 291 3186 (V.)
314 3095 352 3170 11.
374 3115 415 3170 lle
426 3115 516 3171 clusas
526 3131 598 3188 quae
610 3115 738 3189 ,disrupte
755 3121 831 3182 sunt,
850 3121 1049 3183 restaurentur,
1065 3122 1091 3169 et
1107 3120 1213 3186 ponant

154 3211 264 3270 ibidem,
281 3213 452 3282 custodiam,
485 3221 516 3272 ut
543 3229 594 3268 nee
622 3213 708 3268 nostri
732 3213 858 3266 homines
886 3211 993 3282 possint
1015 3212 1130 3267 transire
1152 3211 1211 3266 sine

155 3311 296 3366 voluntate
318 3309 411 3380 regis,
444 3327 537 3384 neque
564 3311 689 3366 extranei
716 3311 824 3383 possint
844 3310 992 3379 ingredere
1021 3309 1049 3364 in
1070 3307 1212 3380 provincia

157 3410 248 3463 nostra
277 3408 404 3464 similiter
434 3409 494 3464 sine
524 3409 666 3463 voluntate
688 3408 760 3477 regis
781 3409 824 3462 ael
843 3407 979 3478 jussione.
999 3427 1005 3434 ⁴
1023 3403 1108 3462 Etin
1129 3407 1213 3478 quale

155 3507 230 3562 clusa
253 3506 357 3563 inventi
378 3507 493 3576 luerint,
517 3507 564 3562 tali
587 3523 659 3578 pena
680 3508 823 3578 subjaceat
835 3505 992 3561 ‘clausarius
1010 3505 1058 3576 qui
1075 3504 1215 3560 custodire

157 3605 280 3676 neglexit
301 3623 316 3661 a
334 3605 430 3678 judice
450 3621 513 3674 suo,
537 3605 627 3677 qualis
641 3605 700 3676 ipse
719 3605 805 3676 judex
826 3619 841 3658 a
863 3619 928 3674 rege
946 3611 1008 3658 ante
1028 3602 1137 3674 posito;
1161 3599 1214 3655 nisi

152 3703 240 3774 jadex
262 3719 312 3775 pro
331 3705 447 3760 utilitate
462 3702 535 3774 regis
556 3702 662 3758 miserit
677 3703 792 3760 missum
811 3718 893 3758 suurn
905 3709 953 3758 aut.
969 3699 1131 3773 susceperit,
1154 3706 1215 3754 tan-

157 3803 302 3858 tummodo
324 3815 375 3875 pro
397 3817 479 3858 causa
500 3800 582 3870 regis.

236 3899 312 3973 (Vt.)
342 3902 381 3956 θ.
411 3901 452 3956 De
475 3899 585 3968 travigio
608 3907 636 3954 et
658 3906 768 3954 terreno
791 3899 904 3968 negotio
947 3905 977 3952 ut
999 3897 1092 3952 nullus
1113 3895 1213 3951 debeat

156 4000 301 4069 negotium
323 3999 513 4069 peragendum
530 3997 673 4052 ambulare
695 4003 744 4052 aut
764 4012 814 4068 pro
832 3998 1038 4069 qualecumque
1049 4010 1131 4050 causa
1153 3993 1214 4051 sine

157 4096 273 4169 epistola
295 4095 367 4166 regis
389 4105 436 4151 aut
456 4097 516 4152 sine
537 4096 688 4150 voluntate·
696 4093 785 4167 judici
808 4094 871 4159 sui;
899 4103 926 4148 et
954 4094 1003 4167 qui
1026 4095 1078 4149 boc
1104 4092 1210 4156 lecerit,

156 4203 297 4267 conponat
318 4194 457 4264 widrigild
478 4210 560 4249 suum

238 4292 324 4366 (Vll.)
355 4294 388 4348 ἲ.
420 4294 458 4348 [le
476 4292 579 4364 judicis
601 4298 629 4346 et
649 4291 684 4346 de
706 4289 845 4346 sculdabis
865 4289 908 4345 vel
929 4295 1053 4354 actores,
1085 4289 1134 4362 qui
1164 4289 1214 4344 bo-

157 4393 247 4450 mines
268 4399 397 4465 potentes
419 4377 570 4445 dimittunt
582 4390 618 4446 ad
638 4405 699 4444 oasa
721 4390 756 4444 de
777 4388 919 4453 exercitu;
951 4389 999 4462 qui
1022 4389 1075 4444 boc
1097 4388 1212 4456 iaciunt,

158 4499 301 4563 conponat
320 4490 392 4546 sicut
413 4489 528 4545 Edictus
549 4487 674 4544 continet
694 4486 808 4560 pagina.
