3198 5222
376 500 438 565 tlt

373 679 465 738 mariti
494 681 538 738 ael
566 679 686 754 quilibet
714 681 784 737 alter
812 680 939 738 eamdem
966 685 1092 752 quartam
1117 681 1161 737 rel
1190 679 1316 742 octabam
1344 681 1438 740 eidem

373 778 482 836 mulieri
504 779 556 835 rite
578 785 783 851 competentem
805 785 934 835 contrare
955 778 1070 835 minime
1092 787 1239 851 presumat.
1271 781 1312 835 lle
1334 780 1437 853 quibus

373 876 396 933 si
424 876 539 932 ulterius
566 877 774 934 altercationem
806 877 954 949 qnisquam
985 877 1179 949 proposuerit,
1211 878 1270 950 ejus
1295 880 1437 950 quaerella

373 975 480 1031 nullum
508 975 633 1031 obtineat
662 974 799 1039 irnctnm3
832 974 964 1048 quoniam
997 973 1102 1030 inicum
1132 983 1160 1031 et
1187 975 1436 1049 reprehensibilem

373 1071 490 1142 videaur,
514 1077 543 1127 ut
563 1072 639 1147 qnod
652 1089 749 1130 omnes
770 1074 805 1130 de
827 1074 883 1130 snis
902 1073 1025 1129 retinent
1042 1075 1123 1143 viris,
1146 1074 1287 1148 aliquante
1305 1074 1437 1130 mulieres

374 1185 424 1242 pro
445 1169 553 1227 incuria
574 1177 621 1228 aut
642 1172 733 1245 aliqua
756 1171 911 1228 accidentia
933 1171 1068 1229 amittant.

825 1305 828 1310 ·
873 1286 935 1346 llll.

452 1401 482 1458 Si
504 1401 617 1474 quisse
640 1410 737 1459 testem
758 1402 786 1458 in
810 1419 987 1476 quocumque
1016 1401 1140 1459 monime
1162 1401 1283 1474 propriis
1304 1397 1437 1476 manibus

374 1499 566 1571 subscripserit
590 1500 623 1555 de
645 1501 728 1556 rebus
750 1501 921 1573 quibuslibet
942 1499 1056 1556 forsitan
1074 1499 1145 1556 lacto
1168 1500 1202 1556 ad
1224 1516 1252 1556 sc
1271 1497 1438 1572 pertinenti-

372 1592 440 1665 bus,
463 1597 621 1667 statuimus,
653 1604 682 1653 ut
703 1607 797 1671 postea
820 1599 984 1654 nullomodo
1006 1599 1071 1654 inde
1101 1599 1188 1654 valeat
1209 1614 1320 1653 movere
1341 1613 1439 1653 eausa-

374 1693 497 1759 tionem}
531 1695 610 1752 deret
638 1695 712 1753 enim
742 1689 860 1753 sollicite
882 1695 1026 1770 requirere
1057 1704 1083 1752 el
1104 1697 1174 1753 seire
1202 1695 1270 1768 qnid
1296 1695 1332 1751 sit
1352 1695 1434 1759 illud,

374 1793 421 1849 ubi
443 1799 556 1864 rogatur
575 1795 762 1851 subscribere.
886 1873 911 1926 v

454 1989 484 2044 Si
507 1989 648 2062 quierem
678 2006 755 2046 suam
782 1989 947 2061 obligaverit
976 1989 1158 2061 cuicumque,
1189 1995 1217 2044 el
1244 1988 1336 2043 denuo
1358 1986 1437 2043 illam

373 2089 453 2144 alteri
475 2088 651 2158 vendiderit,
685 2096 713 2144 et
733 2096 843 2162 emptor
869 2090 956 2161 ipsam
978 2094 1042 2144 aute
1070 2087 1168 2143 taciem
1189 2086 1265 2158 ejus,
1297 2087 1342 2141 cui
1364 2085 1436 2140 obli-

375 2192 437 2257 gata
459 2185 541 2242 luerit
561 2186 654 2259 prius,
690 2203 764 2243 anno
795 2204 852 2242 uno
875 2187 984 2258 expleto
1007 2184 1177 2258 possederit,
1208 2190 1304 2257 postea
1332 2183 1436 2239 exinde

376 2284 479 2340 aulam
501 2284 717 2341 controversiam
748 2284 791 2340 his
813 2285 860 2357 qni
882 2301 944 2340 eam
966 2283 1117 2354 obligatam
1145 2282 1241 2338 habuit
1268 2282 1356 2337 valeat
1375 2296 1437 2337 mo-

372 2398 451 2447 verer
475 2382 608 2454 quoniam
631 2383 769 2453 neglectui
797 2383 856 2455 ejus
878 2382 929 2437 rite
950 2380 1146 2454 deputabitur,
1178 2379 1254 2452 quud
1279 2384 1436 2450 emptorem

373 2479 443 2535 inira
465 2487 505 2536 tot
526 2481 646 2552 spatium
668 2481 769 2537 exinde
791 2481 932 2552 appellare
953 2478 1140 2560 contempsit,
1172 2484 1199 2532 el
1226 2477 1300 2550 qnod
1329 2477 1365 2532 ab
1385 2475 1436 2532 illu

372 2577 527 2648 obligatore
550 2579 654 2635 nullam
685 2579 761 2652 prins
783 2579 921 2650 acceperit
949 2576 1118 2633 firmitatem.
1164 2575 1303 2644 Quoniam
1330 2573 1435 2646 justum

372 2675 496 2744 videtur,
520 2684 550 2731 ut
570 2676 657 2747 magis
678 2677 721 2732 his
742 2676 790 2750 qui
810 2677 881 2732 illud
902 2675 1023 2748 pretinm
1044 2673 1123 2730 dedit
1144 2673 1271 2730 eamdem
1291 2690 1350 2730 rem
1371 2689 1436 2745 pos-

372 2772 462 2843 ideat,
485 2790 568 2846 qnam
589 2774 638 2830 ille
663 2775 711 2846 qni
734 2775 822 2830 solam
842 2772 1045 2844 obligationem
1066 2771 1175 2829 retinet.
1398 2774 1400 2778 ’

889 2887 937 2946 Vl.

449 3003 480 3060 Si
502 3004 565 3077 quis
583 3005 732 3078 juraverit,
774 3012 803 3062 et
828 3003 973 3076 cognitum
1002 3005 1084 3060 inerit
1118 3002 1218 3059 certius
1241 2999 1328 3073 judici
1357 2998 1433 3074 qnod
1476 2995 1479 3001 ’

373 3103 556 3175 periurasset,
586 3111 633 3160 ant
654 3104 753 3160 lamam
775 3103 903 3160 habuerit
923 3101 1099 3176 perjurandi:
1132 3101 1155 3156 si
1185 3102 1371 3157 calumniator
1392 3102 1434 3156 in·

373 3201 527 3257 tentionem
549 3201 735 3275 proposuerit,
758 3219 792 3258 ex
808 3199 915 3274 judicio
933 3200 1035 3272 judicis
1052 3216 1101 3272 per
1117 3215 1240 3271 pugnam
1256 3199 1280 3255 ei
1298 3188 1434 3272 approbet

372 3299 447 3370 quod
468 3299 635 3372 periurasset
655 3299 803 3369 fallaciter,
837 3305 865 3355 el
892 3304 989 3372 postea
1014 3299 1073 3370 ipse
1102 3297 1151 3370 qui
1175 3296 1275 3370 juravit
1296 3299 1433 3370 persolvat

373 3394 399 3450 ei
417 3395 568 3468 justitiam,
592 3398 614 3454 si
636 3397 787 3464 ceciderit,
808 3398 887 3470 juxta
908 3404 1035 3454 tenorem
1056 3396 1158 3454 Edisti.

875 3514 937 3572 vn.
954 3583 957 3590 ¹

452 3625 481 3683 Si
502 3633 592 3684 casam
614 3628 656 3683 vel
678 3643 853 3702 quacumque
875 3645 934 3686 rem
955 3628 1055 3702 aliquis
1077 3643 1128 3701 per
1140 3626 1286 3684 munimen
1307 3624 1434 3684 babuerit

372 3731 400 3780 et
420 3725 592 3796 possederit,
624 3732 652 3780 et
679 3724 749 3781 illud
770 3727 913 3784 munimen
943 3727 1107 3800 perignem
1135 3733 1182 3783 aut
1202 3724 1432 3798 depredationem

372 3828 469 3895 postea
488 3822 626 3882 amiserit,
649 3829 676 3880 et
696 3830 824 3881 causator
843 3825 1013 3899 quicumque
1035 3823 1154 3890 dixerit,
1178 3823 1313 3897 quoniam
1333 3823 1432 3880 eadem

371 3936 433 3976 oasa
453 3921 497 3976 vel
517 3937 560 3977 res
582 3938 664 3994 quam
685 3922 810 3994 possidet
825 3924 850 3981 ei
872 3924 972 3981 debeat
995 3923 1135 3996 pertinere
1152 3923 1295 3992 legaliter:
1319 3912 1435 3993 preveat
1496 3935 1501 3946 ·

373 4025 573 4074 sacramentnm
593 4019 668 4075 idem
690 4036 834 4092 possessor
854 4037 916 4079 oum
937 4021 1119 4094 parentibus,
1152 4020 1228 4092 qnod
1250 4020 1284 4075 de
1306 4017 1433 4074 eamdem

371 4130 430 4170 rem
450 4116 493 4171 vel
514 4132 576 4173 casa
595 4119 701 4175 veracia
725 4119 866 4176 habuisset
887 4120 1052 4187 munimina,
1076 4118 1124 4174 sed
1147 4135 1179 4173 ea
1201 4133 1250 4189 per
1270 4116 1367 4188 ignem
1387 4123 1434 4172 aut

368 4213 550 4271 aaalationem
562 4231 610 4270 seu
621 4215 851 4288 depredationem
863 4217 1036 4289 perdidisset.
1061 4215 1168 4272 Si-vero
1189 4215 1233 4271 his
1244 4214 1291 4288 qui
1306 4214 1432 4286 quaerel-
1455 4247 1459 4256 ι

372 4312 426 4367 lam
447 4311 533 4368 movit
553 4314 628 4385 prins
649 4315 766 4385 elegerit
782 4315 829 4371 ille
851 4317 922 4372 velle
951 4331 1000 4387 per
1018 4331 1142 4386 pugnam
1161 4313 1334 4386 approbare,
1359 4313 1432 4368 solus

314 4463 315 4466 ,
369 4408 442 4481 juret
464 4408 512 4481 qni
532 4411 620 4483 ipsam
636 4412 764 4477 tenuerit,
788 4429 979 4486 quaecumque
997 4412 1079 4468 inerit
1098 4429 1153 4481 res,
1177 4419 1204 4467 et
1224 4412 1263 4467 sic
1284 4410 1318 4466 ad
1338 4425 1430 4483 pugna

371 4509 643 4578 pergatur.=Etenim
664 4509 898 4569 considerandum
919 4518 960 4567 est
980 4517 1008 4568 et
1026 4507 1158 4568 veraciter
1179 4508 1350 4567 credendum
1371 4507 1430 4564 lieri
