3198 5222
532 577 668 622 uororun
689 576 759 623 ona.
775 570 815 615 no
830 591 854 600 -
869 569 917 613 nn.
1114 535 1116 544 ,
1166 556 1228 618 107

169 727 234 783 tIam
248 725 455 799 iupuptipatum
475 732 527 796 est,
550 732 580 783 ut
595 732 672 784 actor
685 727 734 798 qui
753 726 826 784 beta
836 732 928 786 certus
939 731 981 784 est
998 725 1075 799 quod
1090 724 1163 782 intra
1173 741 1229 780 ιιι

168 837 257 881 anuos
278 824 371 896 eliqua
400 823 535 881 invasntio
566 832 613 881 aut
634 825 707 882 irtus
733 823 762 880 in
785 825 933 896 pecuniam
955 823 1066 898 puplica
1087 830 1229 896 peractum

168 927 217 987 est,
241 922 333 994 ipsum
355 922 488 1004 requirat,
512 929 540 978 et
560 921 678 980 adducat
699 921 734 978 ad
757 929 879 982 nostram
897 922 1051 988 noditiam3
1074 921 1113 981 sic
1136 926 1228 979 tamon

167 1026 299 1076 utentes
321 1035 379 1076 non
400 1027 543 1092 presumat
564 1019 658 1076 witare
680 1027 725 1076 aut
746 1021 909 1093 pignerare,
927 1020 1006 1094 puin
1029 1035 1080 1075 nos
1100 1019 1228 1078 uolumus

166 1117 217 1174 ista
238 1134 333 1174 caussa
354 1132 404 1190 per
424 1116 619 1188 nosmedipsus
641 1117 736 1174 audire
758 1125 785 1172 et
800 1119 954 1174 secundum
968 1119 1057 1174 Deum
1079 1114 1225 1172 ordinare:

167 1215 231 1288 quia
252 1215 381 1288 apparuit
402 1214 500 1284 nobis,
534 1215 610 1286 quod
640 1214 663 1270 si
692 1231 743 1270 nos
763 1215 822 1287 ipsa
844 1231 925 1275 causa
946 1214 1137 1283 audierimus,
1167 1214 1227 1269 Iton

166 1314 318 1378 fabentem,
342 1313 402 1368 sine
423 1317 567 1384 peccatum
585 1329 647 1368 eam
668 1311 810 1385 inquirere
828 1313 971 1383 habemus,
994 1320 1022 1371 et
1041 1311 1080 1370 sic
1097 1311 1227 1370 ordinare
1248 1365 1250 1370 ,

166 1419 195 1467 ut
215 1411 373 1468 mercedem
394 1409 563 1475 habeamus3
595 1408 660 1481 quia
686 1409 788 1481 judicis
819 1409 922 1468 nostris
950 1425 1041 1483 neque
1068 1410 1228 1466 arimannos

166 1524 217 1564 nec
238 1508 341 1565 actoris
361 1508 449 1564 nostri
475 1514 592 1580 possunt
611 1507 651 1564 sic
674 1507 820 1580 disciplina
849 1507 1032 1578 distringere,
1062 1507 1133 1564 sicut
1162 1523 1224 1562 nos.

166 1607 249 1675 Quod
270 1611 362 1662 autem
389 1611 534 1678 provatum
562 1613 619 1673 est,
649 1605 698 1678 qui
728 1590 778 1678 per
807 1606 921 1677 triginta
950 1621 1039 1662 annos
1068 1611 1119 1661 aut.
1143 1621 1226 1677 super

164 1705 361 1777 cuiuscumque
382 1703 589 1776 possessionem
611 1703 661 1758 ioit
681 1710 709 1759 et
730 1704 831 1760 amodo
852 1704 962 1772 habeat,
986 1710 1015 1760 ut
1034 1703 1127 1759 nullus
1148 1709 1226 1758 actor

165 1819 198 1858 eo
220 1807 363 1874 presumat
383 1817 435 1858 neo
454 1801 548 1858 witero
564 1817 616 1858 nec
628 1802 793 1866 molestarea
815 1801 907 1874 etqui
925 1800 1134 1874 presumpserit,
1157 1816 1225 1856 oon·

135 1927 139 1934 ·
163 1905 250 1972 ponat
270 1898 329 1971 ipse
347 1905 424 1955 sotor
439 1896 579 1970 widrigild
595 1892 694 1956 suum:
718 1906 834 1972 excepto
857 1899 930 1956 unde
946 1904 1107 1970 preceptum
1126 1897 1224 1954 falsum

162 1995 329 2066 invenietur,
352 1997 428 2069 quod
449 2004 543 2069 aperta
565 2013 647 2054 causa
668 2004 710 2054 est
730 1996 765 2053 nd
785 1995 995 2069 requirendum,
1050 2040 1056 2046 .

242 2092 318 2168 (XI.)
341 2095 441 2152 ’14οι
465 2088 610 2151 Siservus
630 2101 726 2150 noster
748 2093 970 2162 occisus-tuerit,
992 2094 1060 2150 duas
1081 2091 1166 2164 partis
1188 2091 1223 2148 de

162 2192 223 2264 Ipsa
244 2192 469 2264 conpositionem
491 2193 570 2250 tollat
590 2189 674 2250 curtis
695 2199 805 2260 nostra,
839 2199 867 2248 et
887 2191 996 2248 tertiam
1017 2206 1080 2272 pars
1101 2189 1232 2268 parentis-

162 2289 249 2363 ipsius
271 2289 342 2346 servi
365 2289 452 2346 nostri
474 2290 616 2360 defuncti,
639 2290 716 2347 stcut·
729 2290 857 2363 superius
870 2288 1007 2347 diximus.
1044 2289 1107 2346 Hoc
1131 2295 1223 2346 autem

162 2387 191 2442 in
214 2387 312 2444 diebus
325 2387 427 2444 nostris
442 2395 470 2442 et
486 2387 654 2460 intempore
673 2388 751 2459 regni
770 2388 856 2448 nostri
869 2388 1029 2457 statuimus,
1050 2402 1222 2460 quamquam

161 2486 206 2541 Iex
228 2491 322 2542 nostra
345 2501 401 2542 non
423 2484 475 2550 sit;
505 2492 567 2558 post
587 2492 680 2542 autem
702 2494 826 2542 nostrum
848 2485 998 2554 decessum,
1012 2485 1060 2558 qui
1082 2501 1132 2557 pro
1154 2491 1222 2540 tem-

161 2599 230 2655 poro
251 2583 382 2656 priucops
402 2582 487 2639 suerit
506 2582 589 2640 iaciat
608 2585 680 2640 sicut
707 2584 732 2640 ei
755 2585 829 2640 Bous
859 2583 1054 2656 inspiraverit,
1085 2587 1139 2639 aut.
1152 2581 1223 2640 siout

161 2687 267 2738 rectum
288 2680 442 2740 secundum
463 2680 585 2743 animam
605 2697 684 2750 suam
705 2681 866 2754 providerit.
889 2681 961 2750 QuIa
982 2695 1040 2736 non
1061 2679 1158 2746 semel,
1181 2685 1223 2734 set

160 2777 334 2847 multotiens,
356 2777 548 2848 cognovimus,
571 2777 618 2834 ubi
639 2777 701 2848 tatis
723 2795 819 2836 causas
839 2777 993 2847 emerserit,
1016 2777 1149 2850 quoniam
1171 2793 1223 2834 nec

160 2877 189 2934 iu
211 2877 294 2933 rebus
316 2875 434 2948 puhlicis
456 2870 508 2932 ned
524 2877 601 2932 nulla
614 2876 753 2934 rationem
769 2876 864 2950 palatii
882 2876 1016 2948 profuerit
1033 2875 1109 2948 quod
1120 2874 1222 2934 exinde

160 2982 268 3032 actores
295 2973 386 3030 nostri
413 2974 562 3040 toIleruut3
595 2980 623 3030 et
650 2974 765 3046 iusuper
795 2975 952 3040 invenimus
983 2980 1011 3030 et
1039 2972 1221 3044 cognovimus

159 3073 262 3129 multus
282 3078 389 3128 actores
419 3079 545 3140 nostros,
578 3071 626 3144 qui
658 3073 793 3129 tollebant
819 3072 854 3128 de
880 3071 997 3142 singulis
1024 3070 1102 3126 unde
1123 3071 1220 3145 decem

159 3168 282 3238 solidos,
305 3168 380 3224 unde
401 3183 466 3233 sex,
496 3168 571 3224 unde
593 3169 731 3241 amplius:
763 3175 791 3226 et
811 3170 915 3228 dabant
929 3171 1019 3226 ,talem
1041 3166 1161 3240 spatium
1176 3173 1222 3226 ut-

160 3283 214 3340 que
235 3265 406 3339 tranquilla,
441 3267 531 3323 donec
560 3267 623 3339 Ipse·
647 3268 694 3340 qui
724 3269 906 3326 homicidium
933 3267 1221 3337 faciebatobsegrare

160 3364 294 3437 poterint,
317 3371 347 3420 ut
367 3365 468 3420 exinde
484 3364 557 3421 nihil
576 3364 684 3420 darent.
708 3366 886 3439 ProIndequo
903 3364 1072 3439 previdimus
1087 3370 1218 3434 metuere,

160 3469 190 3518 ut
209 3462 294 3519 curtis
325 3468 418 3518 nostra
446 3461 623 3524 medietatem
652 3463 687 3519 de
709 3463 836 3520 aldiones
857 3471 884 3520 et
905 3465 973 3522 duas
994 3471 1085 3539 partes
1107 3463 1142 3519 de
1163 3479 1220 3520 ser·
1247 3451 1254 3469 ²

160 3577 225 3630 vos,
254 3560 326 3616 sicut
346 3560 473 3632 superius
494 3559 629 3628 diximus,
660 3559 778 3626 habeat,
810 3569 838 3618 et
863 3563 971 3636 reliqua
1001 3569 1077 3636 parte
1098 3562 1220 3620 habeant

159 3657 213 3730 ipsi
240 3657 363 3730 parentis
393 3656 564 3730 propinqui;
596 3665 627 3713 ut
653 3658 728 3718 unde
759 3659 864 3717 habent
890 3661 1006 3732 dolore,
1039 3662 1160 3728 habeant
1189 3659 1219 3716 io

160 3756 231 3814 atico
252 3761 367 3829 proptor
386 3757 545 3814 mercedem
567 3757 797 3816 consolationem.

506 3881 646 3929 nuncii*
658 3889 694 3928 IIII
717 3889 791 3931 ANNO
812 3890 868 3933 111.

354 4072 484 4126 INCIPIT
502 4075 547 4126 uu
567 4074 662 4129 ΑΝΝΟ
682 4076 848 4129 vlnusuuo
868 4076 1023 4128 sueonuo

378 4199 511 4262 (Kalendis
536 4197 648 4261 martiis,
675 4215 742 4251 anno
761 4184 979 4264 DCCXXXIIII.)

376 4321 568 4404 vouuunn
591 4324 772 4388 DECIMUM
798 4325 995 4401 ounnrun.
1029 4287 1033 4294 ’

239 4448 333 4506 Rauca
354 4450 462 4519 quidem
482 4451 609 4521 capituto,
632 4466 683 4521 pete
702 4459 903 4528 nupenlcoortu
923 4459 995 4520 sunt,
1018 4458 1043 4507 ot
1063 4457 1144 4506 anteo
1162 4453 1215 4506 mi-

161 4549 234 4604 nino
255 4550 286 4605 in
305 4547 413 4609 Edicto,
424 4549 517 4618 adfice
538 4565 591 4606 estc
609 4551 821 4622 reperiebantur,
843 4558 868 4608 et
888 4559 946 4606 crot
960 4550 1100 4624 judiciter
1118 4551 1218 4606 nostum
