3172 5228
396 479 439 548 61
775 499 961 548 nomentum
983 499 1075 546 nors

394 653 467 705 sent.
510 649 546 705 Et
574 649 597 706 si
628 646 744 704 forsitan
763 649 941 708 rememorati
966 656 1049 708 testes
1079 651 1223 708 venialem
1251 651 1341 725 ipsam
1361 651 1451 708 celare

394 747 549 818 voluerant,
572 753 638 803 ωηο
658 762 710 820 per
726 753 928 820 sacramentum
946 747 1115 807 satisfaciant
1136 749 1264 826 princepi
1284 755 1331 806 ant
1351 765 1366 807 a
1387 749 1452 805 mis·

394 861 455 900 som
476 845 545 916 ejus,
568 850 598 900 ut
619 845 678 917 ipsa
698 843 797 900 veritas
820 861 876 900 non
898 845 1066 906 obfuscetur.
1104 846 1133 902 Si
1156 846 1270 919 quidem
1292 846 1450 920 pervadis

395 941 525 999 oblicatio
547 941 740 1010 terminarit,
764 949 792 998 et
812 941 930 998 intentio
953 957 1003 1016 pro
1025 943 1080 1000 boo
1101 941 1185 1000 fuerit
1205 944 1341 1013 excitata,
1365 944 1394 1000 in
1416 959 1449 1000 eo

390 1039 497 1117 judicio
518 1044 648 1112 maneat,
681 1038 752 1096 sicut
771 1038 800 1098 iu
823 1039 956 1103 anteriori
978 1041 1078 1102 Edicto
1097 1043 1225 1116 legitur„
1247 1042 1325 1116 quod
1349 1041 1452 1122 glorio-

394 1137 502 1198 sissimo
524 1137 652 1194 ttorain
673 1153 722 1193 rex
742 1135 872 1194 instituit.

474 1233 540 1308 (tlt.
561 1234 603 1291 lle
623 1231 746 1310 libertis.)
777 1236 816 1294 9.
839 1233 868 1292 Si
891 1235 953 1308 quis
974 1251 1083 1295 servum
1103 1253 1184 1294 suum
1205 1243 1252 1294 aut
1271 1237 1401 1296 ancillam
1422 1236 1451 1294 in

393 1349 508 1392 manum
528 1331 602 1402 regis
622 1331 747 1402 dederit,
765 1337 793 1387 et
813 1333 872 1404 ipse
893 1333 1022 1406 princeps
1044 1349 1093 1402 eos
1114 1351 1164 1408 per
1184 1350 1282 1392 manos
1302 1333 1451 1394 sacerdotis

394 1433 586 1492 cireasacrum
600 1431 714 1486 altarem
730 1429 836 1487 liberos
852 1428 999 1498 dimiserit,
1021 1430 1063 1489 sic
1078 1439 1261 1508 permaneant
1274 1431 1365 1500 liberi,
1382 1431 1453 1490 sicut

394 1529 434 1587 ilfi
457 1529 505 1602 qui
534 1527 644 1588 fulfreal
665 1526 783 1598 tbiogati
804 1535 887 1593 sunta
919 1535 948 1584 et
976 1529 1024 1602 qui
1045 1529 1192 1588 mundium
1221 1529 1256 1588 de
1283 1529 1343 1604 ipsa
1363 1530 1451 1587 libera

394 1646 410 1684 a
428 1625 554 1704 principe
568 1624 724 1702 expetierit,
748 1625 788 1682 sie
801 1641 864 1710 eum
876 1625 978 1684 lrabeat
991 1627 1063 1684 siout
1077 1627 1111 1684 de
1124 1627 1230 1686 fulfreal
1246 1627 1374 1698 muliere,
1387 1644 1450 1684 nam

394 1724 513 1808 amplius
534 1723 560 1780 ei
590 1724 665 1780 nulla
686 1722 849 1794 conditione
871 1723 972 1782 debeat
993 1741 1084 1800 neque
1112 1725 1172 1798 ipsa
1193 1742 1284 1802 nequo
1306 1725 1363 1782 filia
1384 1725 1450 1798 ejus.

394 1823 431 1882 Et
450 1823 505 1880 boo
526 1828 568 1878 est
584 1827 725 1888 statutum,
750 1829 780 1878 ut
801 1821 927 1886 masculi,
950 1823 1001 1896 qui
1022 1823 1057 1880 de
1079 1822 1138 1896 ipsa
1154 1823 1242 1882 libera
1264 1823 1448 1894 natiluerent,

393 1922 499 1996 absque
519 1918 665 1977 mundium
689 1919 763 1984 sint;
786 1917 889 1976 femine
911 1926 1004 1978 autem
1025 1919 1146 1978 habeant
1166 1920 1313 1984 mundium
1334 1920 1404 1978 sieut
1423 1927 1451 1978 et

392 2025 481 2078 mater
500 2032 607 2085 aarum,
631 2023 659 2072 et
678 2015 738 2098 ipse
757 2016 888 2080 mundius
905 2033 963 2073 non
981 2017 1017 2086 sit
1030 2019 1149 2091 amplius
1164 2035 1248 2092 quam
1265 2018 1371 2078 solidos
1386 2025 1449 2078 tres.

474 2113 552 2190 (llll.
580 2113 648 2170 Item
668 2115 701 2170 de
721 2111 847 2189 libertis.)
876 2116 939 2172 10.
961 2114 993 2174 Si
1014 2115 1078 2192 quis
1099 2131 1312 2184 servumsuum
1334 2123 1382 2173 ant
1402 2134 1451 2173 an-

392 2213 486 2271 cillam
501 2205 778 2282 libernmdimiscrit,
802 2218 829 2268 et
850 2211 975 2286 posuerit
995 2212 1022 2294 ei
1037 2213 1187 2274 muudum
1208 2219 1257 2270 aut
1277 2229 1366 2272 onnm
1385 2213 1451 2270 soli-

393 2312 472 2380 dum,
495 2310 622 2379 autduo,
645 2309 769 2378 autores,
793 2317 842 2366 aut
857 2325 917 2376 sex,
940 2317 1048 2368 tantum
1064 2311 1165 2369 babeat
1180 2311 1339 2381 mundium,
1363 2327 1451 2386 qnan-

393 2415 453 2488 tum
473 2396 550 2466 ei'in
571 2406 675 2466 cartola
695 2406 841 2472 adfixerit3
870 2414 897 2464 et
926 2407 976 2482 qui
1003 2416 1098 2482 postea
1127 2426 1161 2466 ex
1188 2408 1249 2482 ipsa
1268 2409 1368 2466 liberta
1393 2408 1451 2466 nati
1565 2471 1566 2502 ;

393 2507 514 2575 fuerent,
537 2505 600 2596 sibe(
613 2503 728 2562 masculi
750 2503 809 2560 sibe
826 2503 941 2574 femine,
964 2523 1023 2566 non
1034 2505 1159 2590 babeant
1168 2505 1288 2582 amplius
1302 2505 1450 2567 mundium
1565 2527 1566 2530 ¹

394 2604 446 2660 nisi
468 2609 606 2676 qnantum
627 2607 655 2657 ot
674 2607 762 2658 mater
783 2617 889 2662 earum.

473 2699 520 2776 (V.
541 2700 583 2757 De
598 2717 675 2756 rouo
689 2699 836 2773 soporem.)
857 2702 912 2758 11.
933 2699 963 2764 Si
974 2715 1070 2757 servus
1086 2700 1154 2760 dum
1168 2701 1198 2759 in
1211 2701 1278 2773 fuga
1292 2708 1334 2760 est
1346 2701 1450 2758 furtum

393 2799 501 2868 fecerit,
521 2805 552 2856 et
571 2799 601 2854 in
622 2797 682 2872 ipsa
702 2798 766 2868 fuga
788 2798 855 2854 foris
875 2798 1019 2872 provincia
1040 2798 1148 2870 exierit,
1171 2797 1211 2856 sic
1231 2799 1334 2856 exinde
1352 2816 1450 2873 proce·

393 2897 440 2955 dat
456 2895 613 2969 judicium,
646 2895 719 2952 siout
739 2895 957 2968 gloriosissimus
977 2895 1105 2952 Roratru
1133 2913 1182 2954 rex
1202 2896 1330 2957 instituit.
1370 2893 1449 2954 Etsi

392 2994 452 3070 ipse
473 3010 568 3051 servus
589 2991 660 3050 intra
683 2993 825 3066 provincia
845 2992 1010 3062 dilataverit,
1033 2999 1102 3050 ωηο
1117 2993 1249 3052 dominus
1269 2994 1330 3070 ejus
1350 2993 1451 3053 babeat

391 3092 512 3169 spatium
533 3091 569 3148 ad
589 3107 654 3148 eum
675 3090 878 3163 requirendum
900 3107 949 3163 per
970 3107 1079 3148 menses
1101 3099 1174 3156 tresr
1206 3098 1235 3148 et
1262 3092 1285 3149 si
1315 3107 1379 3149 eum
1407 3092 1451 3148 in—

392 3190 499 3272 venerit
518 3196 567 3247 aut
588 3205 645 3245 noo
661 3187 809 3258 invenerit,
833 3197 860 3244 et
880 3205 963 3245 causa
983 3188 1049 3246 furti
1068 3189 1246 3247 manafestata
1268 3189 1352 3246 luerit
1371 3190 1448 3265 quod

391 3289 481 3349 isdem
502 3303 597 3346 servus
618 3287 722 3343 furtum
742 3286 834 3358 ipsum
854 3285 967 3356 fecissit,
990 3293 1057 3342 ωηο
1078 3286 1209 3345 dominus
1229 3287 1289 3360 ojus
1309 3294 1450 3361 conponat

392 3387 496 3444 furtum
517 3385 610 3458 ipsum
630 3384 702 3442 sicot
721 3385 767 3442 lex
788 3391 839 3444 est.
863 3384 898 3441 Et
913 3383 935 3441 si
951 3385 1080 3442 forsitans
1092 3387 1261 3448 manetestus
1279 3402 1335 3442 non
1354 3385 1448 3454 fuerit,

391 3490 420 3541 et
440 3482 572 3540 dominns
592 3481 718 3556 ejusdem
742 3483 813 3540 servi
834 3483 963 3540 vomuerit
985 3483 1061 3556 quod
1082 3483 1175 3557 ipsum
1196 3483 1301 3540 furtum
1332 3500 1387 3540 non
1409 3484 1450 3538 fe·

391 3580 468 3638 eissit
487 3595 582 3636 servus
602 3579 672 3654 eius,
697 3587 764 3638 tuuc
785 3597 835 3653 per
852 3596 975 3654 pugnam
996 3586 1044 3638 aut
1061 3597 1110 3654 per
1125 3586 1330 3640 sacramentnm
1350 3593 1379 3638 se
1400 3580 1451 3636 de-

391 3678 487 3735 fendat
507 3678 529 3735 si
550 3677 681 3751 potuerit.

470 3771 531 3851 (Vt.
553 3775 595 3832 De
608 3777 698 3856 puello
715 3793 784 3847 ursos
801 3777 877 3832 iutro
888 3782 956 3831 etate
972 3772 1033 3849 est.)
1054 3777 1113 3832 11.
1134 3773 1165 3833 st
1187 3774 1250 3848 quis
1270 3775 1363 3850 puella
1383 3781 1448 3833 ante

391 3873 541 3931 duodecim
561 3890 651 3930 annos
673 3881 721 3931 aut
740 3873 916 3946 sponsaverit
935 3880 983 3930 ant
1003 3873 1112 3943 tolerit,
1141 3878 1211 3932 tuno
1240 3874 1288 3932 ille
1315 3874 1364 3947 qui
1385 3890 1449 3932 eam

391 3972 453 4028 tolit
472 3977 521 4028 ant
540 3971 684 4044 sponsavit
703 3977 845 4046 conponat
863 3971 936 4028 siout
956 3971 1086 4032 Edictum
1114 3970 1149 4032 de
1170 3978 1280 4044 raptum
1308 3972 1445 4041 contenit,

390 4067 445 4126 hoo
466 4077 508 4126 est
527 4069 632 4127 solidos
650 4071 796 4141 nongenti,
819 4068 996 4127 medietatem
1016 4069 1086 4140 regi,
1111 4076 1139 4126 et
1156 4069 1334 4126 medietatem
1356 4068 1448 4127 eidem

390 4166 541 4233 inlautole3
570 4173 598 4222 et
626 4165 687 4241 ipsa
708 4172 861 4224 revertatur
889 4166 917 4222 in
939 4182 1001 4224 oasa
1022 4173 1050 4222 et
1070 4166 1099 4222 in
1121 4166 1270 4239 pecuniam
1290 4181 1390 4236 snam,
1418 4173 1448 4224 et
1561 4209 1562 4221 ,

390 4264 426 4321 sit
445 4261 540 4336 quieta
560 4279 651 4337 usque
671 4264 706 4321 ad
727 4263 946 4338 suprascriptum
966 4271 1095 4338 tempusa
1121 4251 1217 4336 postea
1243 4270 1336 4322 autem
1358 4265 1448 4334 elegat

390 4360 450 4434 ipsa
470 4359 541 4426 sibi,
564 4365 593 4416 et
613 4362 700 4420 nubat
720 4362 767 4418 coi
787 4362 915 4420 voluerit.
959 4360 990 4418 Si
1009 4367 1103 4418 autem
1123 4360 1279 4424 mundoald
1299 4361 1359 4436 ejus
1379 4378 1447 4424 oon·

391 4456 514 4516 sentiens
535 4455 618 4514 fuerit
637 4466 686 4516 aut
705 4457 856 4516 tradederit
877 4474 938 4516 eam
959 4465 1023 4516 ante
1044 4458 1246 4532 suprascriptos
1274 4475 1314 4516 ιη
1344 4474 1444 4530 annos,
1560 4503 1561 4506 η
