3172 5228
512 528 650 578 soranos
672 528 741 572 cm.
765 523 873 568 aa—sa.
1188 507 1232 572 tt

175 679 274 734 smnus
295 677 409 748 lecerit,
437 693 491 750 pro
514 694 570 734 una
591 675 671 735 lerita
692 685 834 750 conponat
854 678 879 734 ei
899 678 1004 735 solides
1025 685 1100 741 tresz
1121 677 1146 732 si
1166 675 1235 733 duas

173 775 286 844 iecerit,
309 775 504 840 solidassem
527 775 549 832 si
573 784 627 832 tres
650 775 762 844 lecerit,
785 776 891 846 solidos
913 793 1028 839 novemz
1061 776 1084 832 si
1106 780 1235 848 quattuor

175 872 281 940 lecerit,
305 872 409 930 solidos
431 874 597 930 duodecim:
621 874 643 930 si
664 891 730 930 vero
751 873 870 946 amplius
891 873 1040 942 duraverit,
1063 874 1156 930 feritas
1176 889 1234 930 uon

173 979 372 1039 numerentur,
395 971 446 1028 sed
465 971 502 1028 sit
521 971 574 1028 sibi
596 980 751 1030 contentus.

255 1070 318 1125 44.
361 1069 391 1125 st
414 1069 476 1141 quis
497 1069 583 1126 alium
604 1085 699 1141 pugno
720 1069 897 1142 percusserit,
920 1069 1025 1126 solidos
1046 1069 1147 1124 tresel
1169 1085 1237 1126 con·

175 1173 279 1239 puncta
301 1166 323 1222 si
344 1166 455 1238 alapas,
477 1182 536 1223 sex.

256 1263 321 1320 48.
362 1264 404 1320 lle
426 1264 520 1320 leritas
541 1271 569 1320 et
589 1264 793 1335 conpositionis
823 1264 965 1336 plagarum
987 1279 1059 1336 quae
1086 1264 1159 1320 inter
1185 1265 1235 1322 ho·

173 1361 263 1420 menis
291 1361 395 1418 liberos
421 1363 566 1418 evenerint
591 1378 641 1433 per
668 1363 722 1418 laoc
742 1363 863 1418 tinorem
884 1365 955 1418 sicut
981 1362 1076 1418 subter
1096 1363 1236 1421 adnexum
1270 1318 1286 1394 ι

175 1468 217 1516 est
240 1465 425 1532 conponatur,
450 1469 574 1517 cessante
597 1460 680 1529 laida,
704 1461 731 1516 id
755 1466 796 1516 ost
816 1459 968 1518 inimicitia.
1254 1441 1281 1512 l-

253 1559 316 1614 48.
342 1555 392 1629 (lle
410 1559 493 1630 plcqo
513 1561 544 1615 in
565 1558 663 1630 caput.)
708 1557 737 1614 Si
759 1557 822 1630 quis
843 1557 889 1613 alii
913 1559 1022 1630 plagam
1042 1558 1071 1614 in
1093 1563 1176 1630 caput
1197 1557 1234 1614 le·

176 1657 246 1713 cerit
266 1665 295 1712 ut
315 1657 403 1713 cutira
426 1665 532 1715 tantum
548 1667 691 1729 rumpatur
711 1659 787 1729 quod
804 1656 896 1730 capilli
914 1660 1073 1729 coperiunt,
1097 1664 1239 1728 conponat
1263 1670 1282 1703 t
1300 1656 1322 1696 ἱ

178 1754 285 1811 solidos
305 1770 375 1818 sext
397 1754 420 1810 si
443 1755 512 1812 duas
534 1756 629 1827 plagas
649 1755 757 1822 lecerit,
781 1764 923 1827 conponat
943 1755 1048 1812 solidos
1070 1754 1237 1817 duodiccmt
1265 1758 1289 1790 ‘-

175 1852 197 1908 si
210 1868 308 1924 ¹usquc
329 1859 384 1907 tres
407 1852 519 1921 lecerit,
549 1861 692 1925 conponat
718 1854 827 1908 solidos
849 1853 948 1910 decem
969 1860 997 1908 et
1018 1859 1100 1908 octo:
1128 1852 1150 1907 si
1173 1865 1251 1930 rero'

175 1949 293 2022 amplius
315 1950 426 2017 lecerit,
450 1967 506 2006 non
526 1951 716 2018 nominentur,
739 1951 796 2006 nisi
818 1949 847 2007 in
869 1951 935 2006 istas
958 1959 1012 2006 tres
1033 1956 1238 2021 conponantur.

256 2049 314 2104 44.
357 2046 387 2102 Si
408 2047 470 2120 quis
491 2049 575 2105 alium
598 2049 750 2121 plagaverit
770 2049 799 2105 in
822 2055 908 2121 caput
928 2056 958 2105 ut
979 2063 1040 2105 ossa
1062 2056 1236 2119 rumpantur,
1255 2044 1285 2104 Υ
1350 2031 1353 2036 ’

174 2161 226 2218 pro
247 2161 305 2200 uno
326 2160 389 2200 osso
410 2153 553 2216 conponat
572 2145 678 2202 solidos
698 2145 865 2210 duodicemt
899 2146 923 2201 si
946 2146 1002 2204 duo
1025 2146 1149 2213 luerent,
1172 2161 1240 2200 con·

176 2249 263 2315 ponat
280 2241 387 2298 solidos
408 2242 505 2314 viginti
528 2249 675 2315 quattuor;
707 2243 730 2298 si
760 2251 816 2300 tres
844 2244 954 2299 luerent
973 2250 1115 2315 conponat
1135 2241 1239 2298 solidos

175 2341 287 2410 triginta
310 2356 379 2404 sex;
402 2339 424 2396 si
446 2340 672 2412 superfuerant,
696 2357 753 2396 non
777 2340 970 2398 nomirentur:
999 2340 1039 2396 sic
1059 2341 1096 2396 ita
1118 2347 1149 2396 ut
1168 2354 1239 2394 unus

176 2454 254 2497 ossus
275 2439 337 2494 talis
357 2437 534 2502 inveniatur,
566 2437 614 2510 qui
636 2455 651 2494 a
672 2441 752 2504 pedis
773 2438 921 2496 duodicem
943 2453 1026 2510 super
1047 2437 1118 2493 viam
1139 2452 1240 2494 sonum

174 2535 203 2592 in
225 2542 332 2592 scutum
355 2535 445 2592 iacere
467 2542 572 2608 possit,
597 2537 704 2609 etipsa
726 2537 850 2594 mirisura
872 2537 906 2592 de
928 2543 1003 2592 certo
1025 2525 1097 2609 pede
1118 2532 1240 2598 hominis
1274 2518 1307 2550 Μ

176 2633 326 2690 mediocris
348 2639 533 2701 mensuretur,
558 2651 621 2690 nam
643 2651 700 2690 non
723 2634 757 2692 ad
778 2651 871 2692 mano.
1278 2628 1312 2660 Μ

258 2732 322 2788 48.
345 2729 395 2802 (lle
417 2732 492 2788 ocule
513 2732 620 2804 contra)
664 2733 694 2788 Si
716 2732 779 2805 quis
799 2733 846 2788 alii
868 2725 980 2790 oculum
1001 2728 1166 2798 excusserit,
1189 2744 1239 2802 pro
1280 2727 1309 2766 ἱ
1420 2743 1423 2750 ’

177 2834 316 2884 mortuum
337 2829 513 2902 adpretietur
534 2830 653 2902 qualiter
674 2831 703 2886 in
715 2830 949 2902 augargathungi,
973 2829 1002 2885 id
1023 2835 1065 2884 est
1084 2825 1239 2902 secundum
1261 2821 1302 2874 u)
1336 2887 1340 2897 ,

176 2926 337 2998 qualitatem
363 2943 499 2998 persone,
535 2934 563 2983 et
588 2929 724 2985 medietas
756 2927 855 3001 praetii
883 2926 969 3000 ipsius
1000 2932 1176 3000 conponatur
1203 2925 1238 2980 ab

176 3022 269 3095 ipsum
290 3023 338 3096 qui
360 3026 472 3081 oculum
492 3026 655 3082 excusserit.

256 3121 320 3176 49.
344 3119 394 3191 (De
412 3139 480 3178 ccco
501 3120 625 3197 atrum.)
667 3123 697 3178 Si
718 3122 781 3195 quis
803 3121 850 3178 alii
873 3137 970 3178 nasum
991 3118 1158 3188 absciderit,
1182 3136 1241 3176 mc-

175 3216 307 3290 dietatem
328 3217 408 3290 pretii
430 3219 516 3290 ipsius
537 3197 561 3275 e¹i
584 3228 762 3292 conponatur
782 3229 812 3276 ut
832 3236 923 3292 supra.

255 3314 323 3372 ou.
347 3312 397 3387 (Dc
416 3317 493 3373 locro
513 3315 638 3389 macno.)
671 3317 699 3373 Si
722 3317 784 3390 quis
805 3317 851 3374 alii
871 3317 978 3374 labrum
990 3315 1149 3390 absciderit,
1172 3332 1240 3373 con·

177 3421 264 3488 ponat
283 3413 388 3470 solidos
409 3413 567 3480 serdicam
590 3421 618 3470 et
638 3414 661 3470 si
682 3415 775 3471 dentis
796 3415 955 3489 apparuerit
976 3431 1078 3480 unum,
1102 3415 1170 3479 duo,
1192 3420 1241 3471 aut

177 3518 242 3581 tres,
266 3516 407 3584 conponat
426 3510 532 3567 solidos
553 3511 661 3582 viginti.
1316 3574 1332 3599 Ι

258 3610 318 3667 81.
341 3609 390 3681 (De
411 3611 501 3666 denter
519 3609 646 3682 priores.)
690 3609 718 3666 Si
742 3609 803 3683 quis
825 3609 871 3667 alii
889 3611 1002 3667 dentem
1018 3609 1171 3667 excusserit
1191 3587 1281 3683 quq}

177 3709 206 3765 in
228 3709 313 3764 risum
334 3705 452 3785 appaqit,
475 3721 526 3779 pro
547 3723 634 3763 unum
656 3707 770 3764 dentem
792 3709 833 3765 dit
854 3707 964 3765 soledus
985 3707 1115 3770 sidicemt
1138 3707 1162 3764 si
1184 3708 1240 3764 duo

178 3813 226 3864 aut
247 3807 338 3879 plures
359 3805 468 3860 luerent
488 3804 516 3860 in
539 3803 596 3860 risu
614 3803 784 3878 apparentis,
809 3807 925 3880 perhoc
947 3807 1056 3863 nomiro
1074 3820 1239 3878 conponan·
1290 3810 1313 3846 vt

179 3913 224 3962 tor
243 3911 272 3960 et
292 3902 436 3976 pretietur.

257 4002 320 4058 on.
344 4000 394 4073 (De
414 4003 504 4059 denter
524 3999 701 4072 munitiores.)
745 4001 775 4057 Si
797 4001 859 4073 quis
875 4001 921 4057 alii
938 4002 1052 4058 dentem
1067 3999 1239 4058 maxillarem

180 4117 266 4159 unum
276 4098 426 4172 autplures
436 4098 597 4165 excusserit,
609 4113 661 4171 per
672 4097 882 4154 unumdentem
892 4105 1033 4171 conponat
1044 4097 1149 4155 solidos
1160 4106 1237 4156 octo.
1275 4108 1281 4115 “

259 4197 333 4254 oc..
347 4195 398 4268 (De
417 4215 511 4254 curem
535 4196 686 4270 obrutam.)
730 4196 760 4252 Si
787 4195 850 4269 quis
875 4195 921 4253 alii
953 4213 1049 4253 aurem
1064 4196 1237 4267 'absciderit

180 4303 306 4371 quartam
329 4301 435 4367 partem
454 4296 535 4368 pretii
557 4296 644 4369 ipsius
664 4297 689 4353 ei
711 4302 861 4368 conponat

259 4393 324 4450 84.
365 4391 396 4448 Si
417 4392 480 4466 quis
499 4393 546 4452 alii
564 4397 674 4468 plagam
694 4395 724 4452 in
743 4395 843 4452 taciem
858 4392 964 4464 lecerit,
987 4399 1129 4468 conponat
1149 4393 1174 4451 ei
1195 4411 1240 4452 so-

180 4491 254 4550 lidos
274 4490 405 4552 sedicem.
