3172 5228
374 587 377 590 ,
452 527 590 573 enrcrun
613 528 679 575 um.
703 525 743 570 on
758 527 845 572 -ιιι,
1142 511 1184 575 tae
1271 488 1275 496 ’

132 696 237 751 unum,
268 685 385 752 excepto
415 677 550 736 damnum
578 686 609 736 ut
629 679 791 738 arbitratum
813 680 907 743 luerit.
948 683 985 740 Et
1014 682 1036 740 si
1058 683 1087 741 in
1109 687 1185 741 curte
1254 679 1256 686 '

133 776 348 853 permenaverit,
371 784 438 834 tunc
460 777 506 834 ille
527 778 605 850 cujus
625 778 750 852 peculius
771 786 813 837 est
832 780 980 852 rogiteum
1001 789 1032 839 ut
1044 776 1184 853 reddatur,

133 877 174 936 sie
194 883 284 934 tamen
306 884 336 934 nt
357 876 397 932 dit
417 875 519 948 pignus
539 893 590 950 per
609 878 738 935 ultimum
758 881 867 936 volente
895 880 1015 954 seliquas
1037 888 1108 952 tres,
1141 888 1188 940 aut

134 984 208 1034 certe
229 976 421 1049 fidejussorem
441 974 492 1030 sub
514 975 561 1031 tali
583 975 680 1046 titulo,
709 983 740 1032 ut
760 977 893 1035 (lemnum
921 979 997 1052 quod
1026 980 1186 1038 arbitratum

135 1074 218 1131 luerit
239 1080 424 1147 conponatur,
448 1078 495 1130 aut
511 1071 602 1129 lavola
619 1074 696 1148 quod
711 1073 785 1130 inter
799 1075 906 1132 vicinus
926 1083 982 1142 est3
1006 1083 1033 1133 et
1049 1077 1072 1133 si
1088 1077 1188 1150 pignus

135 1187 281 1245 suscepere
302 1171 439 1239 noluerit,
472 1176 603 1226 etonem
625 1177 735 1228 noctem
756 1173 896 1244 peculium
916 1180 980 1247 post
1006 1191 1034 1231 se
1056 1173 1186 1244 tenuerit,

136 1277 278 1342 conponat
296 1267 387 1326 solido
408 1285 477 1326 uno.
501 1269 537 1326 Et
557 1268 581 1324 sl
597 1267 645 1326 ille
662 1269 740 1342 cujus
755 1271 880 1342 peculius
895 1278 936 1328 est
950 1277 1048 1329 tenens
1060 1271 1189 1330 duritiam

136 1368 230 1425 cordis
247 1384 310 1424 eum
325 1367 444 1424 liberare
465 1365 636 1440 dispexerit,
659 1374 725 1425 tunc
746 1368 846 1425 habeat
867 1382 930 1426 eum
952 1369 999 1426 ille
1020 1371 1068 1443 qui
1089 1371 1119 1428 in
1142 1371 1190 1428 da-

137 1482 233 1524 mnum
254 1466 360 1522 invenit
374 1481 473 1521 norem
492 1465 591 1534 noctis,
615 1473 811 1538 tantumnque
831 1465 858 1522 ei
878 1467 929 1536 dit,
955 1473 982 1523 et
1002 1469 1037 1525 de
1058 1469 1190 1526 damnum

136 1565 166 1622 in
187 1566 242 1622 hoc
262 1562 316 1620 sibi
336 1563 371 1619 sit
392 1568 582 1635 contemptus,
606 1579 640 1618 eo
661 1563 738 1636 quod
760 1579 860 1621 novem
881 1565 971 1622 noctis
992 1566 1082 1640 ipsum
1103 1584 1189 1640 pecu-

137 1663 206 1720 lium
227 1661 324 1720 tenuit.
366 1661 403 1718 Et
422 1661 445 1717 si
466 1677 500 1717 ex
526 1661 617 1734 ipsum
637 1661 779 1733 peculium
809 1663 914 1735 aliquid
936 1672 1075 1723 mortuum
1096 1665 1189 1736 luerit,

138 1760 331 1833 neglegentiae
352 1775 417 1816 suae
438 1759 541 1831 repulit
560 1758 608 1831 qui
630 1758 819 1831 dispignerare
841 1761 973 1831 neglexit.

218 1861 301 1922 842.
343 1858 372 1914 Si
389 1858 534 1916 hominem
552 1863 705 1914 olerantem
722 1860 840 1915 cavallus
861 1867 908 1916 aut
924 1859 1052 1932 quislevit
1068 1858 1192 1934 peculius

138 1965 248 2016 seculus
269 1957 368 2028 luerit,
391 1963 420 2014 et
439 1958 592 2030 ille'quem
612 1957 737 2030 sequitur
757 1958 786 2015 in
807 1958 928 2029 ligamen
949 1965 996 2016 aut
1016 1959 1045 2015 in
1068 1961 1193 2016 clausura

138 2071 204 2116 eum
223 2056 338 2126 miserit,
364 2056 423 2129 ipse
445 2071 509 2111 eum
522 2057 627 2112 salvum
648 2055 739 2126 iaciat,
763 2056 834 2113 sicut
853 2071 934 2128 supra
950 2057 1191 2128 constitutumcst,

139 2163 166 2212 et
188 2155 316 2212 veniente
336 2151 451 2226 proprio
473 2153 588 2209 domino
610 2152 754 2218 restituam
783 2170 848 2211 nam
873 2153 896 2212 si
923 2171 1040 2226 sequere
1065 2155 1140 2228 cepit
1166 2159 1194 2209 et

139 2272 177 2312 se«
191 2256 225 2311 de
245 2256 288 2312 ria
309 2253 438 2321 tornavit,
463 2253 537 2309 nulla
559 2251 595 2308 sit
614 2253 695 2324 culpa
715 2252 755 2308 illi
777 2268 861 2325 quem
882 2269 999 2326 sequere
1020 2252 1103 2326 cepit.
1168 2259 1171 2266 ’

221 2354 308 2412 848.
350 2351 380 2407 Si
410 2349 474 2423 quis
504 2350 538 2405 ab
567 2349 623 2406 ulio
654 2348 799 2405 hominem
825 2355 937 2422 rogatus
958 2349 1041 2406 luerit
1061 2349 1194 2406 cavallum

141 2455 188 2508 eut
210 2451 324 2525 qualirit
343 2448 484 2522 peculium
498 2463 625 2520 querere,
649 2448 784 2521 signaque
806 2447 832 2503 ei
849 2447 1002 2514 dictaverit,
1025 2453 1052 2504 el
1072 2448 1119 2504 ille
1141 2446 1196 2502 lor-

141 2549 212 2607 sitan
234 2549 407 2622 quirogatns
426 2553 468 2603 est
488 2547 621 2602 cavallum
638 2546 760 2616 alienum
781 2552 828 2602 aut
846 2547 985 2619 peculium
1006 2562 1056 2619 por
1072 2551 1195 2602 errorem¹

142 2647 277 2721 preserit,
299 2647 321 2702 si
342 2644 448 2701 venerit
468 2642 597 2716 proprius
618 2643 766 2714 dominus,
790 2649 818 2699 et
838 2645 975 2701 calomnia
995 2661 1129 2716 generare
1150 2659 1196 2699 vo·

142 2747 235 2817 luerit,
258 2746 295 2803 ita
315 2743 518 2819 prospeximus,
541 2741 638 2798 utillo
660 2742 706 2815 qui
728 2759 791 2798 eum
813 2759 864 2815 per
884 2759 1006 2800 errorem
1028 2743 1116 2800 tenuit
1136 2758 1198 2814 pre·

144 2853 205 2906 reat
224 2850 430 2917 sagramentum
450 2841 515 2915 quia
536 2839 662 2901 crederit
680 2839 772 2913 ipsum
788 2857 848 2898 esse
873 2842 948 2898 unde
967 2848 1079 2912 rogatus
1094 2840 1196 2905 lucrata

144 2953 211 3002 tunc
231 2944 329 3002 reddat
348 2941 478 3004 cavallus,
501 2944 528 2994 et
548 2938 817 3011 ampliuscalomnia
836 2945 1068 3010 congereretur,
1091 2937 1113 2993 si
1134 2952 1199 2992 eum

143 3044 218 3101 male
239 3057 296 3098 non
316 3037 482 3097 tractaverit
513 3037 549 3092 lit
576 3035 599 3092 si
619 3051 678 3091 non
700 3036 805 3092 venerit
824 3037 954 3110 proprius
975 3035 1114 3104 dominns,
1137 3033 1200 3090 red-

145 3141 194 3198 dat
213 3155 277 3196 cum
297 3121 339 3194 illi
359 3137 394 3192 de
426 3149 510 3208 quem
530 3134 622 3206 ipsum
643 3131 714 3202 lolit,
745 3140 774 3190 ut
800 3134 859 3207 ipse
880 3133 980 3191 iterum
998 3134 1076 3207 juxta
1095 3133 1197 3203 legem,

144 3239 218 3296 sicut
237 3250 318 3310 supra
340 3235 482 3290 decretum
504 3238 556 3302 est,
579 3229 726 3289 conserite

226 3336 315 3395 ut).
337 3330 389 3406 (De
407 3329 525 3404 porcum)
569 3329 598 3387 Si
628 3341 729 3403 porcus
755 3327 784 3384 in
812 3327 867 3384 isca
888 3327 1000 3385 alterius
1021 3334 1153 3402 paverent
1173 3333 1201 3384 et

145 3433 253 3494 inventi
275 3433 399 3499 tuerent,
423 3429 444 3486 si
466 3428 558 3485 minus
579 3433 644 3484 sunt
663 3427 698 3482 de
721 3426 834 3497 decern,
867 3441 925 3482 nou
947 3426 1089 3484 occidatur
1109 3440 1201 3498 neque

145 3549 219 3592 unus
240 3529 381 3603 eximis,
413 3527 463 3584 sed
483 3527 530 3584 ille
551 3525 599 3598 qui
628 3539 677 3580 eos
696 3523 835 3581 invenerit
859 3529 952 3580 teneat
971 3541 1058 3580 unum
1079 3540 1114 3581 ex
1134 3521 1202 3596 ipsis

147 3638 176 3690 et
196 3632 297 3689 habeat
316 3629 432 3696 salvum,
455 3632 483 3682 et
500 3629 676 3697 conponatur
695 3621 721 3678 ei
742 3639 794 3695 per
809 3637 893 3696 porco
905 3620 1025 3694 seliquas
1046 3627 1109 3679 tres.
1132 3619 1202 3677 Nam

147 3731 171 3789 si
193 3744 275 3803 snpra
295 3727 404 3784 luerent
424 3724 459 3780 de
480 3723 577 3779 decem
600 3727 628 3778 et
647 3737 734 3794 usque
755 3721 790 3778 ad
817 3720 930 3790 decem,
955 3719 1097 3778 occidatur
1116 3733 1202 3774 unum

148 3827 338 3894 mediocrem,
362 3830 390 3879 et
408 3837 466 3878 non
487 3819 661 3893 requiratura
684 3819 736 3876 nisi
758 3818 893 3877 siminus
914 3818 1017 3875 luerint
1037 3816 1073 3873 de
1092 3815 1201 3886 decem,

27 3981 35 4007 ,
148 3933 185 3984 et
198 3923 340 3990 occiderit,
363 3922 495 3978 reddatur
515 3917 655 3990 terquido.

230 4023 322 4082 85⁰.
364 4019 394 4076 Si
422 4018 484 4092 quis
513 4015 542 4072 in
563 4021 643 4088 pratu
670 4030 770 4086 porcus
790 4013 876 4070 iussas
898 4011 1046 4070 facientem
1066 4008 1205 4067 invenerit

150 4137 239 4180 unum
260 4127 306 4178 eut
326 4120 430 4192 plnres,
454 4114 596 4173 occidatur
616 4127 703 4168 unum
725 4117 841 4177 tantum,
864 4116 892 4167 et
912 4125 970 4166 non
991 4107 1157 4182 requiratur.

232 4219 317 4279 851
338 4214 390 4290 (De
409 4211 510 4288 verre.)
550 4210 580 4267 Si
611 4209 674 4282 quis
702 4224 807 4266 verrem
827 4208 949 4267 alienum
971 4206 1115 4279 iuraverit,
1139 4220 1207 4263 con·
1281 4219 1283 4227 ⁴

151 4324 240 4394 ponat
268 4315 372 4373 solidos
403 4311 560 4400 duodicem
602 4307 696 4381 Ipsum
717 4307 816 4365 dicitnr
836 4304 1000 4379 sonorpair,
1034 4304 1081 4378 qui
1109 4319 1207 4390 omnes

152 4415 224 4474 alios
244 4429 335 4470 verres
355 4411 384 4468 in
406 4395 498 4481 gregis
518 4407 600 4465 battit
619 4411 647 4464 et
666 4405 760 4463 vincit
798 4403 933 4462 Tamen
924 4420 953 4460 m
974 4419 1059 4461 unum
1079 4418 1204 4474 gregem,

153 4512 279 4588 momnis
299 4505 447 4567 multitudo
467 4521 616 4580 porcomm
637 4502 735 4574 luerit,
763 4517 835 4560 unus
856 4507 1020 4575 conpotetur
1040 4499 1205 4575 nonomen,

977 4595 997 4656 4
