<?xml version="1.0" encoding="UTF-8"?>
<!DOCTYPE html PUBLIC "-//W3C//DTD XHTML 1.0 Transitional//EN"
    "http://www.w3.org/TR/xhtml1/DTD/xhtml1-transitional.dtd">
<html xmlns="http://www.w3.org/1999/xhtml" xml:lang="en" lang="en">
 <head>
  <title>
</title>
<meta http-equiv="Content-Type" content="text/html;charset=utf-8" />
  <meta name='ocr-system' content='tesseract 3.04.00' />
  <meta name='ocr-capabilities' content='ocr_page ocr_carea ocr_par ocr_line ocrx_word'/>
</head>
<body>
  <div class='ocr_page' id='page_1' title='image "./edictaregumlang01neiggoog_0194.png"; bbox 0 0 3198 5222; ppageno 0'>
   <div class='ocr_carea' id='block_1_1' title="bbox 1143 452 1266 537">
    <p class='ocr_par' dir='ltr' id='par_1_1' title="bbox 1143 452 1266 537">
     <span class='ocr_line' id='line_1_1' title="bbox 1143 452 1266 537; baseline 0.008 -1"><span class='ocrx_word' id='word_1_1' title='bbox 1143 452 1266 537; x_wconf 84' lang='lat' dir='ltr'><strong><em>rr&#39;</em></strong></span> 
     </span>
    </p>
   </div>
   <div class='ocr_carea' id='block_1_2' title="bbox 164 629 1224 3994">
    <p class='ocr_par' dir='ltr' id='par_1_2' title="bbox 174 629 1183 846">
     <span class='ocr_line' id='line_1_2' title="bbox 174 629 1183 735; baseline 0.007 -26"><span class='ocrx_word' id='word_1_2' title='bbox 174 645 295 730; x_wconf 82' lang='lat' dir='ltr'><strong><em>tudine)</em></strong></span> <span class='ocrx_word' id='word_1_3' title='bbox 321 648 545 712; x_wconf 78' lang='lat' dir='ltr'><strong><em>aestimandum</em></strong></span> <span class='ocrx_word' id='word_1_4' title='bbox 563 669 633 710; x_wconf 85' lang='lat' dir='ltr'><strong><em>esso</em></strong></span> <span class='ocrx_word' id='word_1_5' title='bbox 650 649 689 710; x_wconf 85' lang='lat' dir='ltr'><strong><em>ad</em></strong></span> <span class='ocrx_word' id='word_1_6' title='bbox 709 629 942 731; x_wconf 81' lang='lat' dir='ltr'><strong><em>idomprutiurn</em></strong></span> <span class='ocrx_word' id='word_1_7' title='bbox 963 672 998 713; x_wconf 88' lang='lat' dir='ltr'><strong><em>ac</em></strong></span> <span class='ocrx_word' id='word_1_8' title='bbox 1016 649 1049 713; x_wconf 63' lang='lat' dir='ltr'><strong><em>‘si</em></strong></span> <span class='ocrx_word' id='word_1_9' title='bbox 1072 653 1183 735; x_wconf 81' lang='lat' dir='ltr'><strong><em>gallico</em></strong></span> 
     </span>
     <span class='ocr_line' id='line_1_3' title="bbox 174 759 1180 846; baseline 0.008 -26"><span class='ocrx_word' id='word_1_10' title='bbox 174 779 259 822; x_wconf 89' lang='lat' dir='ltr'><strong><em>more</em></strong></span> <span class='ocrx_word' id='word_1_11' title='bbox 282 780 337 822; x_wconf 84' lang='lat' dir='ltr'><strong><em>suu</em></strong></span> <span class='ocrx_word' id='word_1_12' title='bbox 363 781 402 823; x_wconf 77' lang='lat' dir='ltr'><strong><em>uu</em></strong></span> <span class='ocrx_word' id='word_1_13' title='bbox 426 761 536 844; x_wconf 78' lang='lat' dir='ltr'><strong>ligneis</strong></span> <span class='ocrx_word' id='word_1_14' title='bbox 559 759 717 826; x_wconf 85' lang='lat' dir='ltr'><strong><em>asseribus</em></strong></span> <span class='ocrx_word' id='word_1_15' title='bbox 749 761 800 846; x_wconf 87' lang='lat' dir='ltr'><strong><em>(oi.</em></strong></span> <span class='ocrx_word' id='word_1_16' title='bbox 819 765 928 826; x_wconf 81' lang='lat' dir='ltr'><strong>adnot.</strong></span> <span class='ocrx_word' id='word_1_17' title='bbox 953 765 992 826; x_wconf 89' lang='lat' dir='ltr'><strong><em>ad</em></strong></span> <span class='ocrx_word' id='word_1_18' title='bbox 1011 761 1035 844; x_wconf 63' lang='grc' dir='ltr'><strong><em>ξ’</em></strong></span> <span class='ocrx_word' id='word_1_19' title='bbox 1051 765 1180 842; x_wconf 82' lang='lat' dir='ltr'><strong><em>CLVll).</em></strong></span> 
     </span>
    </p>

    <p class='ocr_par' dir='ltr' id='par_1_3' title="bbox 168 860 1224 2756">
     <span class='ocr_line' id='line_1_4' title="bbox 261 860 1224 958; baseline 0.006 -24"><span class='ocrx_word' id='word_1_20' title='bbox 261 873 302 934; x_wconf 84' lang='lat' dir='ltr'><strong><em>Et</em></strong></span> <span class='ocrx_word' id='word_1_21' title='bbox 324 877 397 936; x_wconf 76' lang='lat' dir='ltr'><strong><em>scias</em></strong></span> <span class='ocrx_word' id='word_1_22' title='bbox 420 877 488 957; x_wconf 81' lang='lat' dir='ltr'><strong><em>quiq</em></strong></span> <span class='ocrx_word' id='word_1_23' title='bbox 512 875 561 934; x_wconf 86' lang='lat' dir='ltr'><strong><em>nbi</em></strong></span> <span class='ocrx_word' id='word_1_24' title='bbox 583 893 642 934; x_wconf 89' lang='lat' dir='ltr'><strong><em>nna</em></strong></span> <span class='ocrx_word' id='word_1_25' title='bbox 664 877 758 952; x_wconf 82' lang='lat' dir='ltr'><strong><em>ecquid</em></strong></span> <span class='ocrx_word' id='word_1_26' title='bbox 777 878 907 954; x_wconf 71' lang='lat' dir='ltr'><strong><em>pnauur,</em></strong></span> <span class='ocrx_word' id='word_1_27' title='bbox 926 880 1086 958; x_wconf 85' lang='lat' dir='ltr'><strong><em>quindecim</em></strong></span> <span class='ocrx_word' id='word_1_28' title='bbox 1108 882 1182 940; x_wconf 74' lang='lat' dir='ltr'><strong><em>sobr-</em></strong></span> <span class='ocrx_word' id='word_1_29' title='bbox 1219 860 1224 868; x_wconf 46' lang='lat'>¹</span> 
     </span>
     <span class='ocr_line' id='line_1_5' title="bbox 173 988 1182 1067; baseline 0.008 -21"><span class='ocrx_word' id='word_1_30' title='bbox 173 988 252 1046; x_wconf 82' lang='lat' dir='ltr'><strong><em>dotas</em></strong></span> <span class='ocrx_word' id='word_1_31' title='bbox 275 989 388 1054; x_wconf 87' lang='lat' dir='ltr'><strong><em>lcbant‚·</em></strong></span> <span class='ocrx_word' id='word_1_32' title='bbox 422 989 492 1066; x_wconf 82' lang='lat' dir='ltr'><strong><em>quin</em></strong></span> <span class='ocrx_word' id='word_1_33' title='bbox 521 995 630 1046; x_wconf 83' lang='lat' dir='ltr'><strong><em>centum</em></strong></span> <span class='ocrx_word' id='word_1_34' title='bbox 659 989 868 1066; x_wconf 70' lang='lat' dir='ltr'><strong><em>quinquaqinta</em></strong></span> <span class='ocrx_word' id='word_1_35' title='bbox 890 993 999 1067; x_wconf 84' lang='lat' dir='ltr'><strong><em>tequlns</em></strong></span> <span class='ocrx_word' id='word_1_36' title='bbox 1022 995 1078 1052; x_wconf 90' lang='lat' dir='ltr'><strong><em>duo</em></strong></span> <span class='ocrx_word' id='word_1_37' title='bbox 1101 995 1182 1054; x_wconf 77' lang='lat' dir='ltr'><strong><em>andin</em></strong></span> 
     </span>
     <span class='ocr_line' id='line_1_6' title="bbox 171 1099 1181 1182; baseline 0.009 -25"><span class='ocrx_word' id='word_1_38' title='bbox 171 1099 338 1176; x_wconf 85' lang='lat' dir='ltr'><strong><em>qninqentas</em></strong></span> <span class='ocrx_word' id='word_1_39' title='bbox 371 1101 510 1165; x_wconf 82' lang='lat' dir='ltr'><strong><em>scindulas</em></strong></span> <span class='ocrx_word' id='word_1_40' title='bbox 541 1101 642 1164; x_wconf 81' lang='lat' dir='ltr'><strong><em>iebant.</em></strong></span> <span class='ocrx_word' id='word_1_41' title='bbox 692 1099 857 1162; x_wconf 73' lang='lat' dir='ltr'><strong><em>Gallicum¹</em></strong></span> <span class='ocrx_word' id='word_1_42' title='bbox 873 1121 951 1182; x_wconf 88' lang='lat' dir='ltr'><strong><em>opus</em></strong></span> <span class='ocrx_word' id='word_1_43' title='bbox 976 1103 1107 1166; x_wconf 87' lang='lat' dir='ltr'><strong><em>vidimus</em></strong></span> <span class='ocrx_word' id='word_1_44' title='bbox 1131 1122 1181 1166; x_wconf 87' lang='lat' dir='ltr'><strong><em>su-</em></strong></span> 
     </span>
     <span class='ocr_line' id='line_1_7' title="bbox 171 1210 1180 1294; baseline 0.007 -23"><span class='ocrx_word' id='word_1_45' title='bbox 171 1210 277 1290; x_wconf 80' lang='lat' dir='ltr'><strong><em>perins</em></strong></span> <span class='ocrx_word' id='word_1_46' title='bbox 296 1211 383 1273; x_wconf 84' lang='lat' dir='ltr'><strong><em>idom</em></strong></span> <span class='ocrx_word' id='word_1_47' title='bbox 408 1231 476 1274; x_wconf 83' lang='lat' dir='ltr'><strong><em>esso</em></strong></span> <span class='ocrx_word' id='word_1_48' title='bbox 500 1231 536 1272; x_wconf 87' lang='lat' dir='ltr'><strong><em>uo</em></strong></span> <span class='ocrx_word' id='word_1_49' title='bbox 559 1213 696 1294; x_wconf 75' lang='lat' dir='ltr'><strong><em>ligneum</em></strong></span> <span class='ocrx_word' id='word_1_50' title='bbox 720 1232 799 1294; x_wconf 88' lang='lat' dir='ltr'><strong><em>opus</em></strong></span> <span class='ocrx_word' id='word_1_51' title='bbox 822 1233 877 1276; x_wconf 87' lang='lat' dir='ltr'><strong><em>sou</em></strong></span> <span class='ocrx_word' id='word_1_52' title='bbox 902 1214 1087 1278; x_wconf 40' lang='lat' dir='ltr'><strong><em>tabulatum*</em></strong></span> <span class='ocrx_word' id='word_1_53' title='bbox 1120 1217 1180 1288; x_wconf 76' lang='lat' dir='ltr'><strong><em>ua-</em></strong></span> 
     </span>
     <span class='ocr_line' id='line_1_8' title="bbox 172 1321 1180 1407; baseline 0.008 -25"><span class='ocrx_word' id='word_1_54' title='bbox 172 1321 309 1384; x_wconf 88' lang='lat' dir='ltr'><strong><em>bulatum</em></strong></span> <span class='ocrx_word' id='word_1_55' title='bbox 333 1343 407 1386; x_wconf 88' lang='lat' dir='ltr'><strong><em>voro</em></strong></span> <span class='ocrx_word' id='word_1_56' title='bbox 430 1325 520 1386; x_wconf 85' lang='lat' dir='ltr'><strong><em>tectis</em></strong></span> <span class='ocrx_word' id='word_1_57' title='bbox 543 1325 699 1388; x_wconf 81' lang='lat' dir='ltr'><strong>struendis</strong></span> <span class='ocrx_word' id='word_1_58' title='bbox 718 1335 836 1407; x_wconf 87' lang='lat' dir='ltr'><strong><em>aptum,</em></strong></span> <span class='ocrx_word' id='word_1_59' title='bbox 863 1335 985 1390; x_wconf 83' lang='lat' dir='ltr'><strong><em>constat</em></strong></span> <span class='ocrx_word' id='word_1_60' title='bbox 1006 1347 1047 1390; x_wconf 82' lang='lat' dir='ltr'><strong><em>ox</em></strong></span> <span class='ocrx_word' id='word_1_61' title='bbox 1069 1331 1180 1392; x_wconf 83' lang='lat' dir='ltr'><strong><em>usseri-</em></strong></span> 
     </span>
     <span class='ocr_line' id='line_1_9' title="bbox 171 1435 1224 1522; baseline 0.009 -26"><span class='ocrx_word' id='word_1_62' title='bbox 171 1435 227 1497; x_wconf 87' lang='lat' dir='ltr'><strong><em>bus</em></strong></span> <span class='ocrx_word' id='word_1_63' title='bbox 251 1435 385 1498; x_wconf 83' lang='lat' dir='ltr'><strong><em>exillbus</em></strong></span> <span class='ocrx_word' id='word_1_64' title='bbox 408 1439 551 1498; x_wconf 70' lang='lat' dir='ltr'><strong><em>scindulae</em></strong></span> <span class='ocrx_word' id='word_1_65' title='bbox 574 1438 624 1499; x_wconf 82' lang='lat' dir='ltr'><strong><em>vul</em></strong></span> <span class='ocrx_word' id='word_1_66' title='bbox 649 1441 801 1502; x_wconf 78' lang='lat' dir='ltr'><strong><em>scandulae</em></strong></span> <span class='ocrx_word' id='word_1_67' title='bbox 818 1439 908 1500; x_wconf 83' lang='lat' dir='ltr'><strong><em>dictis</em></strong></span> <span class='ocrx_word' id='word_1_68' title='bbox 932 1437 1076 1522; x_wconf 82' lang='lat' dir='ltr'><strong><em>(anaspia</em></strong></span> <span class='ocrx_word' id='word_1_69' title='bbox 1100 1443 1180 1513; x_wconf 84' lang='lat' dir='ltr'><strong><em>auti·</em></strong></span> <span class='ocrx_word' id='word_1_70' title='bbox 1219 1508 1224 1516; x_wconf 75' lang='grc'><em>,</em></span> 
     </span>
     <span class='ocr_line' id='line_1_10' title="bbox 170 1547 1180 1642; baseline 0.006 -32"><span class='ocrx_word' id='word_1_71' title='bbox 170 1548 274 1629; x_wconf 87' lang='lat' dir='ltr'><strong><em>quitus</em></strong></span> <span class='ocrx_word' id='word_1_72' title='bbox 303 1569 328 1610; x_wconf 81' lang='lat' dir='ltr'><strong><em>a</em></strong></span> <span class='ocrx_word' id='word_1_73' title='bbox 365 1549 526 1613; x_wconf 76' lang='lat' dir='ltr'><strong><em>Germanis</em></strong></span> <span class='ocrx_word' id='word_1_74' title='bbox 561 1569 637 1614; x_wconf 84' lang='lat' dir='ltr'><strong><em>voco</em></strong></span> <span class='ocrx_word' id='word_1_75' title='bbox 675 1547 831 1642; x_wconf 52' lang='lat' dir='ltr'><strong><em>scbindcth</em></strong></span> <span class='ocrx_word' id='word_1_76' title='bbox 871 1551 1002 1630; x_wconf 80' lang='lat' dir='ltr'><strong><em>tontibus</em></strong></span> <span class='ocrx_word' id='word_1_77' title='bbox 1039 1554 1180 1623; x_wconf 78' lang='lat' dir='ltr'><strong><em>Vitruvio</em></strong></span> 
     </span>
     <span class='ocr_line' id='line_1_11' title="bbox 171 1646 1180 1748; baseline 0.008 -28"><span class='ocrx_word' id='word_1_78' title='bbox 171 1659 222 1741; x_wconf 83' lang='lat' dir='ltr'><strong><em>(n.</em></strong></span> <span class='ocrx_word' id='word_1_79' title='bbox 250 1659 296 1744; x_wconf 75' lang='grc' dir='ltr'><strong><em>ι),</em></strong></span> <span class='ocrx_word' id='word_1_80' title='bbox 321 1661 422 1724; x_wconf 70' lang='lat' dir='ltr'><strong><em>rum</em></strong></span> <span class='ocrx_word' id='word_1_81' title='bbox 446 1661 540 1746; x_wconf 78' lang='lat' dir='ltr'>(xvc.</span> <span class='ocrx_word' id='word_1_82' title='bbox 570 1664 619 1728; x_wconf 75' lang='grc' dir='ltr'><strong><em>ιο.</em></strong></span> <span class='ocrx_word' id='word_1_83' title='bbox 647 1660 715 1746; x_wconf 86' lang='lat'>15),</span> <span class='ocrx_word' id='word_1_84' title='bbox 741 1646 1180 1748; x_wconf 66' lang='lat' dir='ltr'><strong><em>ratiarn(1.22)&#39;unsque</em></strong></span> 
     </span>
     <span class='ocr_line' id='line_1_12' title="bbox 171 1774 1181 1858; baseline 0.003 -25"><span class='ocrx_word' id='word_1_85' title='bbox 171 1779 232 1833; x_wconf 81' lang='lat' dir='ltr'><strong><em>nuri</em></strong></span> <span class='ocrx_word' id='word_1_86' title='bbox 263 1774 369 1853; x_wconf 81' lang='lat' dir='ltr'><strong><em>paucis</em></strong></span> <span class='ocrx_word' id='word_1_87' title='bbox 399 1795 439 1836; x_wconf 84' lang='lat' dir='ltr'><strong><em>ox</em></strong></span> <span class='ocrx_word' id='word_1_88' title='bbox 476 1776 889 1858; x_wconf 84' lang='lat' dir='ltr'><strong><em>veteribussoriptoribus:</em></strong></span> <span class='ocrx_word' id='word_1_89' title='bbox 926 1797 986 1838; x_wconf 78' lang='lat' dir='ltr'><strong><em>unu</em></strong></span> <span class='ocrx_word' id='word_1_90' title='bbox 1018 1784 1121 1838; x_wconf 85' lang='lat' dir='ltr'><strong><em>autum</em></strong></span> <span class='ocrx_word' id='word_1_91' title='bbox 1151 1784 1181 1838; x_wconf 88' lang='lat' dir='ltr'><strong><em>ot</em></strong></span> 
     </span>
     <span class='ocr_line' id='line_1_13' title="bbox 169 1863 1180 1972; baseline 0.005 -26"><span class='ocrx_word' id='word_1_92' title='bbox 169 1886 266 1948; x_wconf 86' lang='lat' dir='ltr'><strong><em>altera</em></strong></span> <span class='ocrx_word' id='word_1_93' title='bbox 291 1897 351 1948; x_wconf 79' lang='lat' dir='ltr'><strong><em>‘vox</em></strong></span> <span class='ocrx_word' id='word_1_94' title='bbox 374 1886 507 1951; x_wconf 83' lang='lat' dir='ltr'><strong><em>habetur</em></strong></span> <span class='ocrx_word' id='word_1_95' title='bbox 530 1890 560 1951; x_wconf 89' lang='lat' dir='ltr'><strong><em>in</em></strong></span> <span class='ocrx_word' id='word_1_96' title='bbox 584 1889 705 1970; x_wconf 82' lang='lat' dir='ltr'><strong><em>legibus</em></strong></span> <span class='ocrx_word' id='word_1_97' title='bbox 728 1863 859 1957; x_wconf 83' lang='lat' dir='ltr'><strong><em>nostris,</em></strong></span> <span class='ocrx_word' id='word_1_98' title='bbox 895 1890 947 1953; x_wconf 90' lang='lat' dir='ltr'><strong><em>ubi</em></strong></span> <span class='ocrx_word' id='word_1_99' title='bbox 972 1891 1180 1972; x_wconf 75' lang='lat' dir='ltr'><strong><em>liutprandus</em></strong></span> 
     </span>
     <span class='ocr_line' id='line_1_14' title="bbox 170 1999 1179 2086; baseline 0.004 -26"><span class='ocrx_word' id='word_1_100' title='bbox 170 1999 325 2061; x_wconf 82' lang='lat' dir='ltr'><strong><em>scindulas</em></strong></span> <span class='ocrx_word' id='word_1_101' title='bbox 348 2001 501 2081; x_wconf 84' lang='lat' dir='ltr'><strong><em>appellat,</em></strong></span> <span class='ocrx_word' id='word_1_102' title='bbox 529 2021 607 2083; x_wconf 87' lang='lat' dir='ltr'><strong><em>quus</em></strong></span> <span class='ocrx_word' id='word_1_103' title='bbox 630 2002 773 2064; x_wconf 86' lang='lat' dir='ltr'><strong><em>Rotbaris</em></strong></span> <span class='ocrx_word' id='word_1_104' title='bbox 797 2000 830 2086; x_wconf 68' lang='grc' dir='ltr'><strong><em>(ξ</em></strong></span> <span class='ocrx_word' id='word_1_105' title='bbox 855 2000 1066 2085; x_wconf 75' lang='lat' dir='ltr'><strong><em>ucnxxxu)</em></strong></span> <span class='ocrx_word' id='word_1_106' title='bbox 1090 2022 1179 2065; x_wconf 87' lang='lat' dir='ltr'><strong><em>suan·</em></strong></span> 
     </span>
     <span class='ocr_line' id='line_1_15' title="bbox 169 2110 1178 2197; baseline 0.004 -25"><span class='ocrx_word' id='word_1_107' title='bbox 169 2110 266 2176; x_wconf 85' lang='lat' dir='ltr'><strong><em>dulas.</em></strong></span> <span class='ocrx_word' id='word_1_108' title='bbox 314 2112 448 2175; x_wconf 77' lang='lat' dir='ltr'><strong><em>Pretium</em></strong></span> <span class='ocrx_word' id='word_1_109' title='bbox 473 2112 574 2195; x_wconf 78' lang='lat' dir='ltr'><strong><em>gallici</em></strong></span> <span class='ocrx_word' id='word_1_110' title='bbox 599 2115 703 2194; x_wconf 82' lang='lat' dir='ltr'><strong><em>operis</em></strong></span> <span class='ocrx_word' id='word_1_111' title='bbox 728 2113 780 2197; x_wconf 87' lang='lat' dir='ltr'><strong><em>(cf.</em></strong></span> <span class='ocrx_word' id='word_1_112' title='bbox 803 2116 910 2184; x_wconf 85' lang='lat' dir='ltr'><strong><em>adnot.</em></strong></span> <span class='ocrx_word' id='word_1_113' title='bbox 937 2116 976 2177; x_wconf 89' lang='lat' dir='ltr'><strong><em>ad</em></strong></span> <span class='ocrx_word' id='word_1_114' title='bbox 998 2117 1018 2194; x_wconf 65' lang='grc' dir='ltr'>ξ</span> <span class='ocrx_word' id='word_1_115' title='bbox 1042 2113 1178 2196; x_wconf 87' lang='lat' dir='ltr'><strong><em>CLVlll)</em></strong></span> 
     </span>
     <span class='ocr_line' id='line_1_16' title="bbox 168 2212 1179 2308; baseline 0.007 -25"><span class='ocrx_word' id='word_1_116' title='bbox 168 2221 225 2285; x_wconf 84' lang='lat' dir='ltr'><strong><em>tuit</em></strong></span> <span class='ocrx_word' id='word_1_117' title='bbox 250 2243 323 2304; x_wconf 85' lang='lat' dir='ltr'><strong><em>orgo</em></strong></span> <span class='ocrx_word' id='word_1_118' title='bbox 347 2239 481 2307; x_wconf 80' lang='lat' dir='ltr'><strong><em>aequum</em></strong></span> <span class='ocrx_word' id='word_1_119' title='bbox 505 2226 572 2289; x_wconf 86' lang='lat' dir='ltr'><strong><em>sivo</em></strong></span> <span class='ocrx_word' id='word_1_120' title='bbox 595 2245 635 2293; x_wconf 81' lang='lat' dir='ltr'><strong><em>ux</em></strong></span> <span class='ocrx_word' id='word_1_121' title='bbox 659 2226 762 2307; x_wconf 84' lang='lat' dir='ltr'><strong><em>parvis</em></strong></span> <span class='ocrx_word' id='word_1_122' title='bbox 785 2215 910 2289; x_wconf 44' lang='lat' dir='ltr'><strong><em>siue&#39;ex</em></strong></span> <span class='ocrx_word' id='word_1_123' title='bbox 925 2212 1044 2308; x_wconf 78' lang='lat' dir='ltr'><strong><em>magnis</em></strong></span> <span class='ocrx_word' id='word_1_124' title='bbox 1068 2227 1179 2290; x_wconf 79' lang='lat' dir='ltr'><strong><em>asseri-.-</em></strong></span> 
     </span>
     <span class='ocr_line' id='line_1_17' title="bbox 170 2335 1176 2420; baseline 0.003 -23"><span class='ocrx_word' id='word_1_125' title='bbox 170 2335 232 2397; x_wconf 85' lang='lat' dir='ltr'><strong><em>bus&#39;</em></strong></span> <span class='ocrx_word' id='word_1_126' title='bbox 248 2337 374 2400; x_wconf 77' lang='lat' dir='ltr'><strong><em>ductum</em></strong></span> <span class='ocrx_word' id='word_1_127' title='bbox 395 2347 489 2410; x_wconf 81' lang='lat' dir='ltr'><strong><em>ussat,</em></strong></span> <span class='ocrx_word' id='word_1_128' title='bbox 516 2336 622 2400; x_wconf 85' lang='lat' dir='ltr'><strong><em>habita</em></strong></span> <span class='ocrx_word' id='word_1_129' title='bbox 645 2339 765 2401; x_wconf 69' lang='lat' dir='ltr'><strong><em>ruiana</em></strong></span> <span class='ocrx_word' id='word_1_130' title='bbox 788 2339 915 2400; x_wconf 86' lang='lat' dir='ltr'><strong><em>minoris</em></strong></span> <span class='ocrx_word' id='word_1_131' title='bbox 929 2339 1089 2420; x_wconf 78' lang='lat' dir='ltr'><strong><em>impensae</em></strong></span> <span class='ocrx_word' id='word_1_132' title='bbox 1106 2359 1176 2420; x_wconf 87' lang='lat' dir='ltr'><strong><em>par-</em></strong></span> 
     </span>
     <span class='ocr_line' id='line_1_18' title="bbox 169 2447 1177 2534; baseline 0.004 -26"><span class='ocrx_word' id='word_1_133' title='bbox 169 2448 215 2508; x_wconf 87' lang='lat' dir='ltr'><strong><em>vis</em></strong></span> <span class='ocrx_word' id='word_1_134' title='bbox 238 2449 394 2511; x_wconf 78' lang='lat' dir='ltr'><strong><em>asseribus</em></strong></span> <span class='ocrx_word' id='word_1_135' title='bbox 411 2456 482 2529; x_wconf 78' lang='lat' dir='ltr'><strong><em>(seu</em></strong></span> <span class='ocrx_word' id='word_1_136' title='bbox 492 2447 656 2534; x_wconf 82' lang='lat' dir='ltr'><strong><em>scindulis)</em></strong></span> <span class='ocrx_word' id='word_1_137' title='bbox 680 2451 896 2532; x_wconf 83' lang='lat' dir='ltr'><strong><em>comparandis</em></strong></span> <span class='ocrx_word' id='word_1_138' title='bbox 914 2459 1066 2533; x_wconf 82' lang='lat' dir='ltr'><strong><em>auctaque</em></strong></span> <span class='ocrx_word' id='word_1_139' title='bbox 1082 2471 1177 2532; x_wconf 80' lang='lat' dir='ltr'><strong><em>opera</em></strong></span> 
     </span>
     <span class='ocr_line' id='line_1_19' title="bbox 168 2560 1177 2644; baseline 0.005 -24"><span class='ocrx_word' id='word_1_140' title='bbox 168 2560 200 2621; x_wconf 89' lang='lat' dir='ltr'><strong><em>in</em></strong></span> <span class='ocrx_word' id='word_1_141' title='bbox 223 2560 285 2622; x_wconf 89' lang='lat' dir='ltr'><strong><em>illis</em></strong></span> <span class='ocrx_word' id='word_1_142' title='bbox 308 2561 512 2636; x_wconf 79' lang='lat' dir='ltr'><strong><em>collocandis,</em></strong></span> <span class='ocrx_word' id='word_1_143' title='bbox 539 2573 605 2626; x_wconf 88' lang='lat' dir='ltr'><strong><em>tum</em></strong></span> <span class='ocrx_word' id='word_1_144' title='bbox 629 2562 753 2626; x_wconf 81' lang='lat' dir='ltr'><strong><em>maioris</em></strong></span> <span class='ocrx_word' id='word_1_145' title='bbox 776 2563 949 2644; x_wconf 75' lang='lat' dir='ltr'><strong><em>impensus,</em></strong></span> <span class='ocrx_word' id='word_1_146' title='bbox 977 2564 1177 2644; x_wconf 57' lang='lat' dir='ltr'><strong><em>wambano</em></strong></span> 
     </span>
     <span class='ocr_line' id='line_1_20' title="bbox 169 2659 862 2756; baseline 0.01 -24"><span class='ocrx_word' id='word_1_147' title='bbox 169 2691 284 2754; x_wconf 82' lang='lat' dir='ltr'><strong><em>operae</em></strong></span> <span class='ocrx_word' id='word_1_148' title='bbox 307 2693 364 2756; x_wconf 90' lang='lat' dir='ltr'><strong><em>pro</em></strong></span> <span class='ocrx_word' id='word_1_149' title='bbox 388 2676 543 2738; x_wconf 82' lang='lat' dir='ltr'><strong><em>asseribus</em></strong></span> <span class='ocrx_word' id='word_1_150' title='bbox 567 2665 743 2741; x_wconf 82' lang='lat' dir='ltr'><strong><em>maioribus.</em></strong></span> <span class='ocrx_word' id='word_1_151' title='bbox 855 2659 862 2683; x_wconf 64' lang='lat'>⁸</span> 
     </span>
    </p>

    <p class='ocr_par' dir='ltr' id='par_1_4' title="bbox 164 2789 1176 3994">
     <span class='ocr_line' id='line_1_21' title="bbox 255 2789 1175 2869; baseline 0.003 -18"><span class='ocrx_word' id='word_1_152' title='bbox 255 2789 301 2851; x_wconf 83' lang='lat' dir='ltr'><strong><em>Et</em></strong></span> <span class='ocrx_word' id='word_1_153' title='bbox 328 2791 353 2850; x_wconf 84' lang='lat' dir='ltr'><strong><em>ci</em></strong></span> <span class='ocrx_word' id='word_1_154' title='bbox 375 2805 470 2850; x_wconf 78' lang='lat' dir='ltr'><strong><em>cnosso</em></strong></span> <span class='ocrx_word' id='word_1_155' title='bbox 492 2791 668 2868; x_wconf 76' lang='lat' dir='ltr'><strong><em>sundcduit,</em></strong></span> <span class='ocrx_word' id='word_1_156' title='bbox 703 2791 812 2849; x_wconf 77' lang='lat' dir='ltr'><strong><em>macuti</em></strong></span> <span class='ocrx_word' id='word_1_157' title='bbox 837 2792 923 2869; x_wconf 79' lang='lat' dir='ltr'><strong><em>pudes</em></strong></span> <span class='ocrx_word' id='word_1_158' title='bbox 942 2792 974 2850; x_wconf 90' lang='lat' dir='ltr'><strong><em>in</em></strong></span> <span class='ocrx_word' id='word_1_159' title='bbox 996 2791 1085 2850; x_wconf 59' lang='lat' dir='ltr'><strong><em>aalma</em></strong></span> <span class='ocrx_word' id='word_1_160' title='bbox 1108 2809 1175 2854; x_wconf 89' lang='lat' dir='ltr'><strong><em>uno.</em></strong></span> 
     </span>
     <span class='ocr_line' id='line_1_22' title="bbox 167 2876 1172 2982; baseline 0.005 -22"><span class='ocrx_word' id='word_1_161' title='bbox 167 2900 393 2981; x_wconf 70' lang='lat' dir='ltr'><strong><em>bntdponondu</em></strong></span> <span class='ocrx_word' id='word_1_162' title='bbox 421 2876 556 2982; x_wconf 89' lang='lat' dir='ltr'><strong><em>plurium</em></strong></span> <span class='ocrx_word' id='word_1_163' title='bbox 584 2901 725 2964; x_wconf 88' lang='lat' dir='ltr'><strong><em>codicum</em></strong></span> <span class='ocrx_word' id='word_1_164' title='bbox 750 2901 842 2966; x_wconf 82' lang='lat' dir='ltr'><strong><em>leutio</em></strong></span> <span class='ocrx_word' id='word_1_165' title='bbox 865 2905 961 2962; x_wconf 80' lang='lat' dir='ltr'><strong><em>amaia</em></strong></span> <span class='ocrx_word' id='word_1_166' title='bbox 984 2921 1041 2982; x_wconf 87' lang='lat' dir='ltr'><strong><em>pro</em></strong></span> <span class='ocrx_word' id='word_1_167' title='bbox 1063 2921 1172 2974; x_wconf 57' lang='lat' dir='ltr'><strong><em>mnam</em></strong></span> 
     </span>
     <span class='ocr_line' id='line_1_23' title="bbox 166 3011 1175 3093; baseline 0 -19"><span class='ocrx_word' id='word_1_168' title='bbox 166 3011 254 3074; x_wconf 81' lang='lat' dir='ltr'><strong><em>alteri</em></strong></span> <span class='ocrx_word' id='word_1_169' title='bbox 279 3011 373 3076; x_wconf 86' lang='lat' dir='ltr'><strong><em>otium</em></strong></span> <span class='ocrx_word' id='word_1_170' title='bbox 388 3015 512 3076; x_wconf 84' lang='lat' dir='ltr'><strong><em>codices</em></strong></span> <span class='ocrx_word' id='word_1_171' title='bbox 525 3013 644 3076; x_wconf 83' lang='lat' dir='ltr'><strong><em>habent</em></strong></span> <span class='ocrx_word' id='word_1_172' title='bbox 665 3017 803 3093; x_wconf 61' lang='lat' dir='ltr'><strong><em>sardou,</em></strong></span> <span class='ocrx_word' id='word_1_173' title='bbox 830 3013 919 3076; x_wconf 84' lang='lat' dir='ltr'><strong><em>alteri</em></strong></span> <span class='ocrx_word' id='word_1_174' title='bbox 941 3015 1102 3092; x_wconf 70' lang='lat' dir='ltr'><strong><em>funuduit</em></strong></span> <span class='ocrx_word' id='word_1_175' title='bbox 1125 3014 1175 3076; x_wconf 82' lang='lat' dir='ltr'><strong><em>sel</em></strong></span> 
     </span>
     <span class='ocr_line' id='line_1_24' title="bbox 164 3125 1176 3208; baseline 0.004 -23"><span class='ocrx_word' id='word_1_176' title='bbox 164 3129 219 3198; x_wconf 83' lang='lat' dir='ltr'><strong><em>int,</em></strong></span> <span class='ocrx_word' id='word_1_177' title='bbox 246 3145 264 3188; x_wconf 82' lang='lat' dir='ltr'><strong><em>a</em></strong></span> <span class='ocrx_word' id='word_1_178' title='bbox 287 3126 383 3188; x_wconf 82' lang='lat' dir='ltr'><strong><em>verbo</em></strong></span> <span class='ocrx_word' id='word_1_179' title='bbox 406 3129 543 3205; x_wconf 69' lang='lat' dir='ltr'><strong><em>[undem</em></strong></span> <span class='ocrx_word' id='word_1_180' title='bbox 575 3135 623 3189; x_wconf 85' lang='lat' dir='ltr'><strong><em>est</em></strong></span> <span class='ocrx_word' id='word_1_181' title='bbox 652 3125 736 3189; x_wconf 84' lang='lat' dir='ltr'><strong><em>onim</em></strong></span> <span class='ocrx_word' id='word_1_182' title='bbox 765 3127 852 3193; x_wconf 84' lang='lat' dir='ltr'><strong><em>hisco</em></strong></span> <span class='ocrx_word' id='word_1_183' title='bbox 885 3127 916 3188; x_wconf 88' lang='lat' dir='ltr'><strong><em>in</em></strong></span> <span class='ocrx_word' id='word_1_184' title='bbox 947 3126 1068 3208; x_wconf 79' lang='lat' dir='ltr'><strong><em>legibus</em></strong></span> <span class='ocrx_word' id='word_1_185' title='bbox 1084 3127 1176 3190; x_wconf 85' lang='lat' dir='ltr'><strong><em>·ratio</em></strong></span> 
     </span>
     <span class='ocr_line' id='line_1_25' title="bbox 165 3231 1173 3321; baseline 0.003 -24"><span class='ocrx_word' id='word_1_186' title='bbox 165 3237 248 3300; x_wconf 90' lang='lat' dir='ltr'><strong><em>illius</em></strong></span> <span class='ocrx_word' id='word_1_187' title='bbox 270 3247 442 3302; x_wconf 82' lang='lat' dir='ltr'><strong><em>structuras</em></strong></span> <span class='ocrx_word' id='word_1_188' title='bbox 465 3231 556 3321; x_wconf 76' lang='lat' dir='ltr'><strong><em>quun</em></strong></span> <span class='ocrx_word' id='word_1_189' title='bbox 570 3241 652 3321; x_wconf 86' lang='lat' dir='ltr'><strong><em>apud</em></strong></span> <span class='ocrx_word' id='word_1_190' title='bbox 669 3239 804 3302; x_wconf 80' lang='lat' dir='ltr'><strong><em>Graecos</em></strong></span> <span class='ocrx_word' id='word_1_191' title='bbox 828 3241 1026 3303; x_wconf 83' lang='lat' dir='ltr'><strong><em>otananos</em></strong></span> <span class='ocrx_word' id='word_1_192' title='bbox 1054 3242 1087 3302; x_wconf 67' lang='lat' dir='ltr'><strong><em>ro*</em></strong></span> <span class='ocrx_word' id='word_1_193' title='bbox 1109 3259 1173 3302; x_wconf 86' lang='lat' dir='ltr'><strong><em>om-</em></strong></span> 
     </span>
     <span class='ocr_line' id='line_1_26' title="bbox 165 3333 1175 3434; baseline 0.002 -22"><span class='ocrx_word' id='word_1_194' title='bbox 165 3351 290 3431; x_wconf 86' lang='lat' dir='ltr'><strong><em>plecton</em></strong></span> <span class='ocrx_word' id='word_1_195' title='bbox 306 3373 418 3414; x_wconf 86' lang='lat' dir='ltr'><strong><em>nomon</em></strong></span> <span class='ocrx_word' id='word_1_196' title='bbox 432 3352 575 3420; x_wconf 83' lang='lat' dir='ltr'><strong><em>obtinuit,</em></strong></span> <span class='ocrx_word' id='word_1_197' title='bbox 602 3371 747 3434; x_wconf 81' lang='lat' dir='ltr'><strong><em>quaeque</em></strong></span> <span class='ocrx_word' id='word_1_198' title='bbox 769 3352 801 3414; x_wconf 92' lang='lat' dir='ltr'><strong><em>in</em></strong></span> <span class='ocrx_word' id='word_1_199' title='bbox 822 3333 901 3414; x_wconf 81' lang='lat' dir='ltr'><strong><em>&#39;cava</em></strong></span> <span class='ocrx_word' id='word_1_200' title='bbox 924 3361 1007 3414; x_wconf 78' lang='lat' dir='ltr'><strong><em>turra</em></strong></span> <span class='ocrx_word' id='word_1_201' title='bbox 1030 3371 1175 3414; x_wconf 80' lang='lat' dir='ltr'><strong><em>caumon-</em></strong></span> 
     </span>
     <span class='ocr_line' id='line_1_27' title="bbox 166 3463 1174 3550; baseline 0.002 -26"><span class='ocrx_word' id='word_1_202' title='bbox 166 3463 232 3526; x_wconf 83' lang='lat' dir='ltr'><strong><em>titio</em></strong></span> <span class='ocrx_word' id='word_1_203' title='bbox 254 3463 440 3530; x_wconf 83' lang='lat' dir='ltr'><strong><em>fundebatur</em></strong></span> <span class='ocrx_word' id='word_1_204' title='bbox 458 3473 556 3547; x_wconf 82' lang='lat' dir='ltr'><strong><em>utque</em></strong></span> <span class='ocrx_word' id='word_1_205' title='bbox 576 3464 750 3550; x_wconf 75' lang='lat' dir='ltr'><strong><em>confertim,</em></strong></span> <span class='ocrx_word' id='word_1_206' title='bbox 776 3465 849 3528; x_wconf 88' lang='lat' dir='ltr'><strong><em>dum</em></strong></span> <span class='ocrx_word' id='word_1_207' title='bbox 872 3465 1070 3528; x_wconf 79' lang='lat' dir='ltr'><strong><em>omnimodus</em></strong></span> <span class='ocrx_word' id='word_1_208' title='bbox 1094 3464 1174 3526; x_wconf 85' lang='lat' dir='ltr'><strong><em>uliae</em></strong></span> 
     </span>
     <span class='ocr_line' id='line_1_28' title="bbox 165 3575 1173 3659; baseline 0 -21"><span class='ocrx_word' id='word_1_209' title='bbox 165 3584 336 3638; x_wconf 84' lang='lat' dir='ltr'><strong><em>structurae</em></strong></span> <span class='ocrx_word' id='word_1_210' title='bbox 358 3575 478 3640; x_wconf 81' lang='lat' dir='ltr'><strong><em>fiebant</em></strong></span> <span class='ocrx_word' id='word_1_211' title='bbox 500 3579 538 3640; x_wconf 90' lang='lat' dir='ltr'><strong><em>ad</em></strong></span> <span class='ocrx_word' id='word_1_212' title='bbox 563 3597 703 3640; x_wconf 85' lang='lat' dir='ltr'><strong><em>norrnam</em></strong></span> <span class='ocrx_word' id='word_1_213' title='bbox 727 3584 758 3640; x_wconf 86' lang='lat' dir='ltr'><strong><em>ot</em></strong></span> <span class='ocrx_word' id='word_1_214' title='bbox 775 3575 923 3646; x_wconf 78' lang='lat' dir='ltr'><strong><em>libellam.</em></strong></span> <span class='ocrx_word' id='word_1_215' title='bbox 973 3577 1090 3659; x_wconf 83' lang='lat' dir='ltr'><strong><em>Optimi</em></strong></span> <span class='ocrx_word' id='word_1_216' title='bbox 1104 3578 1173 3640; x_wconf 79' lang='lat' dir='ltr'><strong><em>aovi</em></strong></span> 
     </span>
     <span class='ocr_line' id='line_1_29' title="bbox 165 3689 1173 3771; baseline 0 -21"><span class='ocrx_word' id='word_1_217' title='bbox 165 3689 332 3768; x_wconf 84' lang='lat' dir='ltr'><strong><em>scriptores</em></strong></span> <span class='ocrx_word' id='word_1_218' title='bbox 347 3708 456 3750; x_wconf 84' lang='lat' dir='ltr'><strong><em>vonum</em></strong></span> <span class='ocrx_word' id='word_1_219' title='bbox 478 3709 575 3750; x_wconf 74' lang='lat' dir='ltr'><strong><em>unacco</em></strong></span> <span class='ocrx_word' id='word_1_220' title='bbox 596 3709 692 3770; x_wconf 85' lang='lat' dir='ltr'><strong><em>saopo</em></strong></span> <span class='ocrx_word' id='word_1_221' title='bbox 716 3697 840 3752; x_wconf 73' lang='lat' dir='ltr'><strong><em>summi</em></strong></span> <span class='ocrx_word' id='word_1_222' title='bbox 862 3710 919 3771; x_wconf 91' lang='lat' dir='ltr'><strong><em>pro</em></strong></span> <span class='ocrx_word' id='word_1_223' title='bbox 943 3707 1074 3768; x_wconf 74' lang='lat' dir='ltr'><strong><em>acervo,</em></strong></span> <span class='ocrx_word' id='word_1_224' title='bbox 1112 3689 1173 3750; x_wconf 81' lang='lat' dir='ltr'><strong><em>ire-</em></strong></span> 
     </span>
     <span class='ocr_line' id='line_1_30' title="bbox 165 3801 1172 3882; baseline -0.001 -20"><span class='ocrx_word' id='word_1_225' title='bbox 165 3809 297 3882; x_wconf 85' lang='lat' dir='ltr'><strong><em>quonter</em></strong></span> <span class='ocrx_word' id='word_1_226' title='bbox 329 3802 422 3866; x_wconf 84' lang='lat' dir='ltr'><strong><em>utiam</em></strong></span> <span class='ocrx_word' id='word_1_227' title='bbox 444 3801 577 3864; x_wconf 84' lang='lat' dir='ltr'><strong><em>occurrit</em></strong></span> <span class='ocrx_word' id='word_1_228' title='bbox 599 3802 631 3863; x_wconf 91' lang='lat' dir='ltr'><strong><em>in</em></strong></span> <span class='ocrx_word' id='word_1_229' title='bbox 655 3803 741 3864; x_wconf 89' lang='lat' dir='ltr'><strong><em>libris</em></strong></span> <span class='ocrx_word' id='word_1_230' title='bbox 765 3801 921 3865; x_wconf 82' lang='lat' dir='ltr'><strong><em>inferioris</em></strong></span> <span class='ocrx_word' id='word_1_231' title='bbox 943 3803 1030 3874; x_wconf 83' lang='lat' dir='ltr'><strong><em>aovi,</em></strong></span> <span class='ocrx_word' id='word_1_232' title='bbox 1063 3810 1094 3863; x_wconf 85' lang='lat' dir='ltr'><strong><em>ut</em></strong></span> <span class='ocrx_word' id='word_1_233' title='bbox 1116 3821 1172 3862; x_wconf 89' lang='lat' dir='ltr'><strong><em>nos</em></strong></span> 
     </span>
     <span class='ocr_line' id='line_1_31' title="bbox 165 3913 1170 3994; baseline -0.003 -20"><span class='ocrx_word' id='word_1_234' title='bbox 165 3913 258 3976; x_wconf 84' lang='lat' dir='ltr'><strong><em>utiam</em></strong></span> <span class='ocrx_word' id='word_1_235' title='bbox 290 3913 383 3994; x_wconf 82' lang='lat' dir='ltr'><strong><em>vulgo</em></strong></span> <span class='ocrx_word' id='word_1_236' title='bbox 414 3913 545 3982; x_wconf 82' lang='lat' dir='ltr'><strong><em>dicimus</em></strong></span> <span class='ocrx_word' id='word_1_237' title='bbox 577 3934 693 3976; x_wconf 79' lang='lat' dir='ltr'><strong><em>muruco</em></strong></span> <span class='ocrx_word' id='word_1_238' title='bbox 716 3935 736 3975; x_wconf 91' lang='lat' dir='ltr'><strong><em>a</em></strong></span> <span class='ocrx_word' id='word_1_239' title='bbox 758 3935 851 3986; x_wconf 71' lang='lat' dir='ltr'><strong><em>amco,</em></strong></span> <span class='ocrx_word' id='word_1_240' title='bbox 876 3931 992 3977; x_wconf 80' lang='lat' dir='ltr'><strong><em>nmcacc</em></strong></span> <span class='ocrx_word' id='word_1_241' title='bbox 1013 3933 1033 3974; x_wconf 89' lang='lat' dir='ltr'><strong><em>a</em></strong></span> <span class='ocrx_word' id='word_1_242' title='bbox 1055 3933 1170 3974; x_wconf 82' lang='lat' dir='ltr'><strong><em>musco:</em></strong></span> 
     </span>
    </p>
   </div>
   <div class='ocr_carea' id='block_1_3' title="bbox 165 4009 1305 4108">
    <p class='ocr_par' dir='ltr' id='par_1_5' title="bbox 165 4009 1305 4108">
     <span class='ocr_line' id='line_1_32' title="bbox 165 4009 1305 4108; baseline -0.003 -21"><span class='ocrx_word' id='word_1_243' title='bbox 165 4026 203 4089; x_wconf 89' lang='lat' dir='ltr'><strong><em>ad</em></strong></span> <span class='ocrx_word' id='word_1_244' title='bbox 234 4045 299 4088; x_wconf 77' lang='lat' dir='ltr'><strong><em>turn</em></strong></span> <span class='ocrx_word' id='word_1_245' title='bbox 324 4027 461 4100; x_wconf 86' lang='lat' dir='ltr'><strong><em>Plinius,</em></strong></span> <span class='ocrx_word' id='word_1_246' title='bbox 495 4027 655 4108; x_wconf 80' lang='lat' dir='ltr'><strong><em>praeclaro</em></strong></span> <span class='ocrx_word' id='word_1_247' title='bbox 684 4027 753 4090; x_wconf 86' lang='lat' dir='ltr'><strong><em>loco</em></strong></span> <span class='ocrx_word' id='word_1_248' title='bbox 777 4027 829 4087; x_wconf 94' lang='lat' dir='ltr'><strong><em>lib.</em></strong></span> <span class='ocrx_word' id='word_1_249' title='bbox 855 4026 998 4091; x_wconf 83' lang='lat' dir='ltr'>XXXVI.</span> <span class='ocrx_word' id='word_1_250' title='bbox 1024 4023 1084 4097; x_wconf 81' lang='lat'><strong><em>68,</em></strong></span> <span class='ocrx_word' id='word_1_251' title='bbox 1120 4025 1172 4086; x_wconf 91' lang='lat' dir='ltr'><strong><em>ubi</em></strong></span> <span class='ocrx_word' id='word_1_252' title='bbox 1302 4009 1305 4016; x_wconf 45' lang='lat'><em>¹</em></span> 
     </span>
    </p>
   </div>
   <div class='ocr_carea' id='block_1_4' title="bbox 164 4137 1171 4336">
    <p class='ocr_par' dir='ltr' id='par_1_6' title="bbox 164 4137 1171 4336">
     <span class='ocr_line' id='line_1_33' title="bbox 164 4137 1171 4221; baseline 0.001 -23"><span class='ocrx_word' id='word_1_253' title='bbox 164 4138 204 4200; x_wconf 84' lang='lat' dir='ltr'><strong><em>de</em></strong></span> <span class='ocrx_word' id='word_1_254' title='bbox 229 4156 381 4200; x_wconf 83' lang='lat' dir='ltr'><strong><em>marmore</em></strong></span> <span class='ocrx_word' id='word_1_255' title='bbox 414 4138 569 4202; x_wconf 85' lang='lat' dir='ltr'><strong><em>numidico</em></strong></span> <span class='ocrx_word' id='word_1_256' title='bbox 600 4139 753 4221; x_wconf 88' lang='lat' dir='ltr'><strong><em>loquitur,</em></strong></span> <span class='ocrx_word' id='word_1_257' title='bbox 790 4139 873 4220; x_wconf 91' lang='lat' dir='ltr'><strong><em>quod</em></strong></span> <span class='ocrx_word' id='word_1_258' title='bbox 898 4137 1088 4200; x_wconf 85' lang='lat' dir='ltr'><strong><em>adbibnbaut</em></strong></span> <span class='ocrx_word' id='word_1_259' title='bbox 1110 4137 1171 4199; x_wconf 82' lang='lat' dir='ltr'><strong><em>uo-</em></strong></span> 
     </span>
     <span class='ocr_line' id='line_1_34' title="bbox 165 4249 1171 4336; baseline -0.001 -25"><span class='ocrx_word' id='word_1_260' title='bbox 165 4249 246 4312; x_wconf 87' lang='lat' dir='ltr'><strong><em>mani</em></strong></span> <span class='ocrx_word' id='word_1_261' title='bbox 271 4251 411 4336; x_wconf 79' lang='lat' dir='ltr'><strong><em>„nonin</em></strong></span> <span class='ocrx_word' id='word_1_262' title='bbox 435 4251 585 4313; x_wconf 86' lang='lat' dir='ltr'><strong><em>columnis</em></strong></span> <span class='ocrx_word' id='word_1_263' title='bbox 609 4261 712 4313; x_wconf 83' lang='lat' dir='ltr'><strong><em>tamon</em></strong></span> <span class='ocrx_word' id='word_1_264' title='bbox 737 4249 898 4324; x_wconf 85' lang='lat' dir='ltr'><strong><em>crustisvu,</em></strong></span> <span class='ocrx_word' id='word_1_265' title='bbox 925 4250 980 4312; x_wconf 87' lang='lat' dir='ltr'><strong><em>sod</em></strong></span> <span class='ocrx_word' id='word_1_266' title='bbox 1008 4249 1038 4309; x_wconf 93' lang='lat' dir='ltr'><strong><em>in</em></strong></span> <span class='ocrx_word' id='word_1_267' title='bbox 1071 4268 1171 4312; x_wconf 83' lang='lat' dir='ltr'><strong><em>ruassa</em></strong></span> 
     </span>
    </p>
   </div>
   <div class='ocr_carea' id='block_1_5' title="bbox 936 4339 959 4411">
    <p class='ocr_par' dir='ltr' id='par_1_7' title="bbox 936 4339 959 4411">
     <span class='ocr_line' id='line_1_35' title="bbox 936 4339 959 4411; baseline 0 0"><span class='ocrx_word' id='word_1_268' title='bbox 936 4339 959 4411; x_wconf 57' lang='grc' dir='ltr'>ἢ</span> 
     </span>
    </p>
   </div>
   <div class='ocr_carea' id='block_1_6' title="bbox 0 0 1604 5222">
    <p class='ocr_par' dir='ltr' id='par_1_8' title="bbox 0 0 1604 5222">
     <span class='ocr_line' id='line_1_36' title="bbox 0 0 1604 5222; baseline 0 4"><span class='ocrx_word' id='word_1_269' title='bbox 0 0 1604 5222; x_wconf 95' lang='lat' dir='ltr'><strong><em> </em></strong></span> 
     </span>
    </p>
   </div>
  </div>
 </body>
</html>
