3170 5218
442 443 463 504 8
525 529 529 538 .

442 645 505 706 qua
527 623 598 686 vide
621 643 811 706 anonymum
834 629 959 704 pedum
970 623 1215 688 llodoietiensem
1237 623 1354 686 saeculi
1374 624 1448 685 Xlll

443 737 539 820 (apud
562 735 639 798 frisi
661 735 799 797 Mcowric
823 738 854 796 di
874 734 983 798 Mouza
1007 732 1164 818 u1235).
1198 735 1351 798 Solarium
1374 755 1448 797 vero

442 849 634 932 superiorem
663 869 733 911 esse
767 847 1049 930 contignationem,
1087 848 1212 910 abunde
1247 856 1356 909 notum
1384 856 1448 909 est:
1562 883 1563 890 κ

441 963 587 1024 Romanis
615 960 787 1042 antiquitus
823 961 855 1021 in
887 981 978 1022 usum
1000 959 1095 1022 luisse
1118 961 1229 1042 probat
1251 957 1325 1022 illud
1349 959 1448 1022 Plauti

441 1073 640 1154 (llilesGlor.
657 1072 785 1155 voto),
812 1092 934 1134 necnon
956 1073 1107 1140 Suetonii,
1129 1072 1323 1155 aliorumque
1333 1073 1446 1135 rerba:

439 1186 584 1249 homines
608 1206 682 1248 vero
699 1185 792 1248 medii
806 1185 876 1248 aevi
893 1185 1040 1248 solarium
1054 1185 1201 1248 dixerunt
1209 1187 1320 1248 aedem
1340 1205 1450 1267 quarn-
1562 1255 1563 1260 η

440 1299 517 1362 libet
539 1319 601 1362 una
624 1308 655 1362 et
678 1299 776 1362 altera
798 1299 1030 1380 contignatione
1052 1299 1244 1373 instructam,
1271 1299 1355 1360 unde
1374 1319 1450 1380 gen·

440 1412 524 1474 tibus
547 1412 678 1474 inditum
693 1431 819 1479 nomen,
845 1411 1015 1492 praecipue
1025 1412 1108 1492 apud
1122 1413 1197 1474 nos':
1224 1411 1359 1474 nominis
1375 1431 1449 1472 vcro
1563 1391 1564 1464 l

441 1532 472 1586 et
495 1523 540 1585 rei
564 1544 637 1586 usus
660 1531 692 1586 et
715 1545 781 1585 mos
805 1531 915 1586 extant
936 1525 1020 1604 apud
1044 1524 1169 1594 Sardos,
1195 1523 1303 1604 quiin
1327 1523 1448 1585 solariis

438 1638 551 1700 horrea
574 1655 628 1697 sua
652 1635 785 1708 liabent,
821 1636 907 1699 humi
936 1645 1078 1698 morante
1110 1635 1236 1698 familia.
1286 1635 1448 1698 Consuluit

439 1767 512 1810 vere
535 1747 588 1809 lex
612 1747 728 1810 laboris
752 1756 783 1810 et
804 1748 1018 1830 impensarum
1035 1749 1227 1811 incremento
1243 1747 1294 1810 vel
1309 1748 1447 1810 evelien-

439 1859 486 1921 dis
520 1859 631 1940 tegulis
666 1881 764 1942 usque
798 1861 836 1924 ad
871 1862 1040 1924 secundam
1078 1861 1358 1943 contignationem,
1395 1860 1447 1920 rel

439 1973 575 2054 ipsarum
598 1972 890 2054 confringendarum
915 1982 1024 2038 nocue
1046 1975 1212 2036 occasioni.

521 2243 606 2352 (loia
633 2246 810 2332 quindecim
838 2245 956 2336 tegulas
982 2246 1097 2334 viginti
1119 2245 1210 2334 pedes
1237 2244 1350 2311 lebant

526 2427 607 2502 Quia
637 2447 680 2490 xv
709 2428 833 2510 tegulae
864 2429 1048 2520 cooperiunt
1080 2429 1214 2509 spatium
1252 2449 1296 2491 xx
1330 2420 1446 2512 pedum

438 2540 672 2620 quadratorum:
698 2560 758 2602 una
775 2539 894 2604 scilicet
912 2541 1014 2622 tegula
1028 2541 1123 2604 refert
1143 2540 1340 2622 superficiem
1356 2541 1447 2622 pedis

438 2672 507 2717 cum
542 2651 672 2724 triente,
710 2672 791 2734 quae
823 2654 994 2735 tegularum
1026 2653 1104 2716 ratio
1128 2654 1238 2716 eadem
1261 2662 1307 2716 est
1332 2675 1369 2716 ac
1391 2654 1446 2716 illa

438 2763 565 2844 antiqua
588 2764 810 2838 Romanorum,
835 2765 988 2829 hodierno
1012 2787 1138 2849 quoque
1161 2774 1303 2849 tempore
1327 2768 1445 2831 Rornae

438 2884 470 2936 et
500 2875 677 2938 Florentiae
711 2877 827 2944 habita.
888 2877 991 2942 Verbo
1021 2881 1113 2940 ledere
1151 2889 1260 2942 carent
1288 2879 1443 2960 glossarii,

437 2995 572 3049 attamen
596 2986 678 3050 illius
701 3009 811 3052 sensus
833 2990 962 3054 minime
977 2991 1126 3052 obscurus
1146 2991 1234 3054 verbi
1256 2995 1324 3054 celle
1343 2993 1446 3054 locum

437 3100 577 3162 obtinet:
629 3103 771 3180 qoodlcln't
804 3105 941 3164 domnum
978 3103 1109 3185 legimns
1140 3104 1171 3164 in
1202 3103 1272 3187 lego
1301 3104 1446 3168 Rotharis

436 3217 453 3289 ς
477 3213 603 3286 CXLV,
640 3213 693 3274 ubi
716 3217 859 3294 quodlibet
887 3235 944 3278 seu
971 3218 1090 3296 quodvis
1112 3216 1348 3298 intelligendum
1384 3227 1442 3283 est,

438 3326 520 3388 unde
543 3329 635 3387 labore
658 3346 713 3389 seu
737 3329 825 3388 ubere
846 3348 904 3409 pro
927 3330 1011 3390 litere
1034 3329 1084 3391 vel
1106 3332 1208 3394 lubere.

524 3439 624 3501 Maior
646 3459 721 3501 vero
744 3440 879 3522 agitatur
901 3441 1067 3522 disputatio
1097 3443 1138 3504 de
1160 3462 1223 3524 quo
1246 3444 1329 3524 pede
1352 3452 1446 3524 agant

436 3549 522 3632 leges
545 3551 807 3634 Langobardicae.
854 3554 1048 3618 Percelebris
1071 3575 1127 3636 pes
1151 3553 1203 3617 ille
1227 3556 1281 3637 qui
1305 3556 1338 3618 in
1355 3556 1443 3618 ltalia

436 3661 574 3742 pluribus
598 3663 711 3726 abhinc
733 3667 866 3729 saeculis
889 3687 977 3730 usum
1001 3667 1131 3741 obtinet,
1166 3667 1283 3750 quique
1312 3687 1330 3730 a
1355 3668 1445 3729 Lint-

435 3776 555 3856 prando
588 3797 661 3864 rege
693 3797 808 3840 nomen
837 3779 975 3863 accepit⁸
1012 3790 1044 3843 et
1081 3789 1268 3845 memoratur
1296 3781 1335 3843 ab
1360 3800 1440 3843 anno

436 3888 546 3950 saltem
570 3889 634 3950 915
658 3892 791 3968 (Docom.
817 3909 872 3971 per
899 3895 928 3952 lo
954 3893 1053 3954 Storio
1075 3896 1107 3954 di
1127 3894 1222 3956 Lucan
1249 3893 1280 3958 V.
1306 3895 1337 3958 3.
1362 3893 1438 3975 83J:

436 4000 476 4060 de
499 4019 538 4062 eo
562 4001 773 4065 dissemernnt
797 4003 854 4066 viri
877 4005 978 4078 docti,
1004 4005 1185 4088 intorques
1209 4005 1325 4068 eminet
1341 4006 1444 4066 Domi-

437 4111 523 4172 nicus
558 4113 656 4176 Maria
697 4116 829 4178 Manuos
864 4116 944 4178 libro
975 4119 1024 4180 oui
1063 4118 1169 4181 titulus
1198 4120 1252 4194 Del
1280 4118 1367 4180 ruo
1395 4119 1443 4178 n·-

433 4227 547 4305 proodo
570 4237 620 4294 etc,
653 4228 748 4305 (inter
771 4249 875 4309 opusc.
903 4229 1006 4313 Calog.
1032 4231 1070 4296 X.
1099 4231 1184 4308 125),
1223 4231 1296 4294 licto
1317 4231 1441 4293 nornine
