3170 5218
490 487 628 534 nnrcrmr
651 487 716 536 osu.
741 487 829 532 s-s.
1137 466 1199 531 11⁷

141 639 229 706 rrait,
257 645 282 694 ct
298 639 381 709 plum
401 641 483 695 ctiam
502 643 655 696 messoria
675 642 802 697 edormi.
845 638 909 695 Post
929 640 1000 696 bunc
1019 655 1082 698 sero
1101 643 1200 714 plotio

141 737 261 792 summus
281 742 306 792 n
325 738 489 793 ortbodoaus
508 739 572 807 idei
593 739 697 806 cultor,
720 746 802 808 atquo
821 739 899 808 bajus
919 739 1005 808 peritis
1024 740 1197 810 qnberseator,

141 841 165 890 et
184 841 275 890 noster
293 851 342 905 per
364 833 415 890 liei
435 836 623 906 omnipotentis
639 837 828 890 misericordia
847 837 977 903 nutritor,
999 835 1200 908 Lintprand

141 934 255 988 eairmm
276 940 300 988 et
317 934 450 1003 precelsus
470 934 520 988 bac
539 935 752 1004 sapientissimus
770 935 909 1004 princeps,
933 935 1078 1003 persisteres
1098 936 1129 990 in
1147 936 1200 992 Ilei

140 1031 263 1101 operibus
280 1037 304 1084 et
325 1031 484 1085 cottidianis
501 1032 613 1102 uiqiliis,
637 1033 710 1086 amni
725 1032 860 1102 pudicitia
875 1037 900 1085 et
916 1031 1058 1086 sobrietate
1074 1040 1196 1098 ornabis,

140 1128 220 1182 sicuti
240 1143 258 1180 a
277 1126 335 1182 Deo
353 1130 521 1199 promeruit,
553 1145 600 1199 per
628 1130 713 1200 ipsius
740 1127 946 1200 inspirationem
966 1130 1058 1184 omnio
1078 1131 1200 1186 decenter

140 1208 247 1292 omos,
278 1233 301 1282 n
321 1228 353 1282 sn
372 1226 465 1282 nosen
483 1229 614 1298 pagenam
634 1245 694 1282 an
714 1229 770 1284 son
791 1227 985 1298 nonpooorcn
1012 1243 1045 1282 a
1060 1229 1200 1298 rnorem

140 1324 316 1393 compensabit.
338 1322 444 1379 Idcirco
463 1339 512 1395 per
533 1324 715 1395 liedmsptoris
735 1327 822 1380 nostri
840 1326 1012 1395 prouidentia
1038 1341 1085 1395 epo
1105 1328 1199 1381 diuino

140 1421 245 1476 mundio
266 1420 400 1476 liaclis
419 1437 487 1489 rea,
508 1422 757 1491 precellentissimi
778 1429 802 1477 et
822 1424 936 1478 enimius
953 1423 1097 1493 princeps,
1126 1440 1199 1480 anno

138 1520 217 1590 requi
236 1519 289 1572 mei
309 1519 434 1586 secundo,
458 1519 502 1572 die
522 1519 700 1574 kalendarum
719 1521 894 1586 martiam,
917 1520 1065 1574 indictione
1085 1528 1198 1591 quarta·

140 1617 259 1684 decim
283 1617 348 1672 dnm
367 1618 678 1687 cenomannense,
708 1619 739 1672 id
762 1624 800 1671 est
821 1614 1075 1686 Lanpobordorum,
1093 1620 1198 1690 jssdiei-

139 1715 188 1770 bus
207 1720 264 1768 tom
293 1715 327 1768 de
346 1710 473 1770 doctrine
502 1730 585 1784 quam
614 1722 639 1770 et
668 1717 701 1770 de
720 1713 864 1771 Nenstrine
892 1712 934 1768 osl
960 1713 1073 1770 Tusciae
1100 1718 1199 1786 finibus

138 1812 267 1867 uniuersa
296 1827 365 1880 quae
394 1813 612 1868 adecsssoribus
641 1815 741 1872 nostris
768 1819 869 1868 statuto
893 1818 955 1867 cunt
981 1812 1091 1868 sollicite
1112 1816 1198 1870 consi-

140 1911 292 1964 derassem:
310 1911 444 1979 quaedam
461 1911 501 1964 ibi
510 1911 597 1980 justa,
615 1918 639 1966 et
655 1913 790 1981 quaedam
799 1910 946 1980 purpando
960 1925 1013 1964 esse
1029 1911 1197 1977 invenimus,-

139 2008 206 2076 quio
226 2009 291 2061 dnm
307 2009 390 2077 prom
409 2008 528 2063 barnines
549 2024 581 2062 ca
601 2025 670 2079 qnae
690 2011 728 2063 ad
746 2006 895 2064 Dominum
913 2009 1048 2077 pertinent
1063 2024 1118 2062 non
1135 2026 1198 2066 con-

139 2106 271 2172 siderant,
293 2107 381 2175 mapis
401 2105 479 2176 luins
499 2107 599 2161 soeculi
619 2107 723 2162 lucrum
743 2122 825 2176 quam
846 2110 1002 2163 animarum
1022 2121 1135 2160 snorum
1154 2123 1198 2161 re·

138 2203 257 2258 medinm
276 2203 436 2269 intindont,
470 2210 495 2258 ct
522 2219 571 2274 per
597 2205 745 2259 bnmcmam
765 2205 894 2259 astutiam
924 2203 1021 2258 debiles
1040 2201 1082 2256 oel
1102 2219 1198 2273 epenos

139 2315 291 2371 oppremere
316 2316 372 2358 non
393 2301 535 2358 dormiunt.
580 2300 733 2368 Quoniam,
766 2304 882 2373 peccatis
902 2300 1080 2369 facientibus,
1104 2301 1198 2355 multos

138 2399 258 2453 barnines
278 2398 442 2469 neplcpentcs
462 2406 487 2454 ct
506 2400 627 2455 bumana
648 2401 795 2471 cupiditate
812 2400 952 2470 conpsrbus
972 2398 1132 2468 inperp'nrio
1152 2415 1198 2452 ca-

138 2498 201 2551 dere
221 2497 401 2567 capricornus,
424 2511 456 2552 eo
476 2499 549 2568 qnod
568 2499 777 2569 planiasissimns
797 2497 965 2552 Rotbarit
985 2512 1035 2551 rea
1054 2497 1085 2550 in
1105 2495 1199 2551 Edisti

135 2596 241 2666 popina
269 2601 418 2660 statuerat,
448 2598 520 2652 imcr
548 2599 707 2652 medborem
733 2604 757 2652 et
785 2596 930 2650 debitorem
951 2611 997 2649 seu
1015 2595 1198 2664 fidejussorem

138 2695 314 2748 intentionem
334 2700 414 2762 orta,
444 2710 497 2764 quo
524 2697 612 2750 tinore
632 2695 726 2750 wadia
747 2694 879 2757 dedisset,
913 2700 938 2748 st
957 2693 1198 2748 debitorstatutae

137 2807 235 2858 carnae
260 2793 348 2846 tinore
374 2795 529 2862 nepaverit,
562 2793 699 2848 licentiam
726 2794 751 2847 si
780 2808 834 2847 csse
861 2798 908 2846 aut
931 2807 981 2861 per
1001 2799 1198 2848 sacramentum

139 2894 187 2944 ont
206 2905 255 2959 per
275 2905 355 2944 arnna
374 2890 540 2960 ipco'tinors
556 2906 665 2962 nepaes.
709 2888 763 2945 Sed
788 2889 867 2944 nobie
894 2895 918 2944 et
938 2890 1038 2944 nostris
1058 2889 1198 2959 judicibus

139 2993 221 3057 atque
239 2986 429 3058 banpobardis
449 2989 620 3044 adstantibus
634 2989 738 3058 matum
762 2988 916 3057 conparuit,
938 2992 967 3040 nt
985 2986 1033 3040 boc
1047 2987 1198 3056 periurium

137 3088 212 3156 fieret
230 3093 394 3150 resecatum·
418 3093 444 3141 ct
462 3089 504 3141 ito
523 3088 676 3150 statuimus,
698 3088 767 3141 sicca
787 3086 876 3140 subter
896 3087 1033 3140 ndncanm
1053 3090 1098 3140 cst.

217 3180 270 3257 (l.)
292 3182 330 3241 ὅ.
352 3182 382 3238 Si
404 3183 465 3255 quis
486 3184 638 3240 admodum
659 3183 688 3238 iu
710 3182 850 3256 presentia
870 3183 943 3254 regis
963 3183 1007 3237 rel
1025 3181 1128 3254 iudicis
1148 3198 1197 3238 seu

135 3281 289 3338 liberorum
309 3279 455 3338 hominum
476 3282 679 3354 qualecumque
700 3280 786 3335 modo
808 3280 896 3336 wadia
913 3280 1032 3345 dederit,
1056 3286 1084 3336 et
1100 3286 1196 3352 postea

138 3394 240 3449 negare
269 3380 388 3446 veluerit
415 3379 464 3436 iile
493 3379 541 3452 qui
563 3378 652 3436 wadia
672 3377 750 3435 dedit
770 3379 846 3450 quod
868 3379 896 3434 in
918 3378 968 3434 tali
994 3378 1085 3435 tinore
1107 3379 1196 3434 wadia

138 3494 196 3533 non
218 3476 356 3546 dedisset,
387 3473 457 3533 sicut
487 3477 535 3533 ille
563 3476 611 3549 qui
639 3475 726 3532 wadia
748 3475 869 3549 suscepit
889 3476 1032 3549 queritur:
1063 3477 1085 3534 si
1099 3477 1198 3532 inerit

137 3575 211 3630 inter
231 3574 352 3632 hominis
374 3575 455 3632 liberi
476 3579 595 3648 quorum
616 3576 686 3632 fides
703 3574 875 3644 ammittitur,
900 3593 957 3631 non
974 3575 1197 3633 babeatiicentia

134 3673 228 3745 jurare
249 3674 326 3746 quod
347 3675 375 3730 in
396 3675 443 3731 tali
465 3676 557 3731 tinore
578 3674 666 3732 wadia
684 3691 740 3732 non
759 3674 885 3745 dedissit,
909 3675 962 3730 nisi
977 3676 1097 3748 qualiter
1111 3675 1196 3746 judex

138 3774 186 3849 qui
212 3774 346 3847 judicavit
375 3791 404 3832 se
431 3773 673 3843 rememorandis,
700 3775 743 3830 vel
773 3774 902 3830 homines
932 3773 980 3846 qui
1010 3774 1197 3830 interfuerunt

137 3875 251 3947 quando
272 3874 332 3947 ipsa
353 3873 444 3930 wadia
457 3872 536 3930 dedit
551 3871 769 3942 testificaverint,
793 3873 981 3944 itaconpleat,
1004 3879 1032 3928 et
1052 3872 1081 3927 in
1098 3889 1196 3930 eornm

137 3971 298 4029 testimonio
319 3971 433 4034 credatc
464 3971 530 4044 quia
552 3970 574 4028 si
596 3971 737 4039 stantiam,
760 3987 844 4043 quam
865 3976 929 4026 ante
948 3970 1052 4027 liberos
1072 3971 1196 4028 hominis

137 4068 237 4143 aliquis
258 4069 333 4138 iacit,
357 4078 429 4127 stare
451 4071 545 4148 debit,
568 4078 673 4144 quanto
695 4070 783 4141 magis
804 4085 837 4125 en
858 4085 939 4126 causa
961 4085 1015 4142 quc
1036 4085 1087 4142 per
1106 4072 1195 4129 wadia

137 4169 272 4239 firmatur,
296 4175 324 4224 et
345 4168 469 4225 homines
490 4170 570 4226 liberi
591 4171 746 4234 intersunt,
771 4183 873 4239 negare
894 4167 962 4224 nihil
983 4167 1108 4227 bominis
1129 4187 1195 4226 con·

136 4267 233 4323 reniti
256 4266 285 4323 st
307 4283 371 4323 rere
394 4270 461 4324 tales
477 4266 598 4325 hominis
619 4267 693 4324 inter
713 4283 770 4322 non
786 4266 1019 4338 fuerintquorum
1033 4269 1196 4326 ammittitur

138 4366 222 4434 tides,
245 4366 358 4438 quando
379 4365 439 4438 ipsa
460 4367 546 4425 rradia
568 4367 632 4424 data
653 4365 752 4434 luerit,
781 4373 849 4424 tunc
869 4365 971 4422 'exindo
1000 4368 1134 4440 procedas
1151 4369 1195 4442 ju·

138 4463 253 4533 dicium,
274 4464 348 4521 sicut
367 4464 402 4520 ab
422 4465 512 4536 ipsum
533 4466 705 4522 Rornnnrnn
727 4481 821 4537 regem
843 4472 884 4521 est
903 4464 1068 4528 institutum.
