3198 5222
1123 491 1125 494 ⁵
1153 537 1216 604 aar

243 715 306 772 1111.
330 715 414 790 Cujus
434 723 498 790 post
518 731 615 774 necem
638 715 734 786 Cere,
758 715 964 788 nobilissimus,
987 718 1023 775 ad
1043 722 1123 791 regni
1144 718 1218 775 tasti-

165 811 241 882 gium
263 821 370 872 erectus
391 821 450 882 est3
483 815 531 872 sed
552 822 615 888 post
635 831 738 873 annum
766 823 794 871 et
824 832 872 872 aex
892 832 1003 874 meuses
1024 833 1039 874 a
1059 832 1109 873 ouo
1131 830 1217 888 puero

164 909 323 968 interiectus
342 920 392 974 est.
429 913 496 969 Post
515 913 567 969 hec
586 912 765 984 Langobardi
785 914 836 970 sub
862 913 977 971 ducibus
999 931 1049 988 per
1068 932 1086 971 x
1107 914 1219 970 inerunt

164 1025 260 1068 annos.
301 1011 358 1066 Sed
379 1010 521 1066 communi
543 1011 661 1066 consilio
683 1012 854 1077 Auratam,
888 1010 1022 1070 Ciaffonis
1044 1011 1153 1078 filium,
1187 1011 1216 1067 in

132 1153 135 1166 ,
163 1123 281 1179 regnum
301 1107 483 1180 praeficiuntz
515 1107 578 1181 qui,
602 1115 632 1162 nt
652 1109 783 1179 tradunt,
808 1089 915 1165 veneno
937 1115 1069 1183 accepto,
1093 1115 1217 1166 mortuus

165 1211 215 1261 est.
238 1206 311 1262 Huic
332 1203 462 1262 tuccessit
482 1203 626 1274 Aornum,
662 1205 710 1279 qui
740 1223 789 1279 per
809 1223 889 1263 *suam
920 1207 1067 1280 conjugem
1088 1207 1218 1264 Theudo-

164 1302 307 1374 iinguam,
330 1302 467 1374 Gregorio
489 1319 559 1376 popa
581 1309 732 1371 monente,
761 1303 856 1360 statuit
875 1318 939 1360 cum
959 1304 1091 1363 Romania
1111 1320 1216 1377 pacem.

164 1399 190 1456 Io
211 1408 359 1475 postquam
379 1417 434 1456 xxv
453 1406 633 1471 regnaverat,
656 1399 729 1457 diem
751 1400 850 1458 clausit
870 1409 1033 1461 extremum.
1061 1402 1216 1460 Aornorxo

164 1505 226 1570 post
246 1497 315 1570 patri
337 1499 479 1569 successit,
499 1499 600 1556 ‘decem
621 1513 685 1554 cum
700 1504 795 1564 matre,
808 1499 888 1556 annis
908 1499 1042 1570 regnarit
1065 1499 1121 1556 Sed
1142 1500 1217 1556 hunc

164 1610 251 1666 regno
273 1595 417 1668 ejecerunt
438 1595 631 1668 Langobardi,
665 1603 693 1652 et
720 1597 779 1669 ejus
807 1597 836 1654 in
868 1597 931 1654 loco
954 1598 1083 1655 Antoren
1113 1597 1217 1654 eiectus

165 1700 206 1750 est
226 1693 255 1750 in
276 1709 413 1765 regnum;
448 1695 493 1752 hio
513 1703 576 1767 post
597 1712 637 1750 xn
666 1712 756 1754 annos
776 1695 879 1768 quibus
906 1703 1090 1768 regnaverat,
1117 1695 1217 1757 detun—
1239 1727 1241 1736 ι

165 1796 225 1848 ctus
246 1791 353 1850 esum

585 1903 795 1915 ...κ-ιιι..-

665 1995 705 2058 111

332 2037 804 2318 Langobardorum
839 2101 1043 2247 Regum

666 2277 745 2333 eres
875 2281 879 2286 ,

410 2357 455 2440 ari
482 2357 627 2440 edictum
652 2378 722 2440 non
745 2356 969 2465 perurentes.

526 2555 731 2622 tffltwttttl
753 2555 860 2618 murt.

482 2661 570 2729 (Anno
585 2661 918 2724 neum-neuun.)

679 2768 703 2830 1.

244 2865 275 2922 Si
296 2864 359 2938 quia
379 2881 475 2921 aereus
495 2880 546 2938 per
566 2883 621 2922 xxx
641 2883 731 2924 annos
751 2867 866 2924 domino
883 2883 934 2925 suo
946 2867 1089 2926 servitium
1109 2868 1215 2939 iecerit,

165 2981 222 3020 non
244 2969 403 3037 praesumat
422 2970 521 3020 contra
542 2963 689 3022 dominum
709 2980 793 3022 ouum
813 2979 957 3038 pugnare,
989 2966 1043 3026 nisi
1064 2966 1217 3026 servierat.

164 3060 243 3118 Etsi
264 3059 356 3117 aldius
376 3061 470 3130 tuerit,
491 3068 520 3118 et
539 3077 590 3134 per
609 3078 666 3118 xxx
687 3079 776 3118 annos
797 3062 862 3118 tecit
882 3078 991 3135 operas,
1013 3063 1141 3121 similiter
1160 3081 1218 3122 non

163 3159 247 3216 liceat
265 3175 331 3216 eum
349 3174 477 3230 pugnare
497 3166 594 3216 contra
615 3159 762 3217 dominnm
783 3175 882 3229 suum,
913 3161 963 3216 scd
991 3160 1074 3218 saciat
1099 3161 1172 3220 aicut
1191 3169 1219 3220 ct

164 3265 293 3330 parentes
314 3256 372 3330 ejus
402 3255 546 3322 iecerunt3
580 3273 645 3314 nam
675 3273 747 3314 nova
774 3257 893 3330 amptius
914 3275 930 3314 a
950 3257 1066 3315 domino
1087 3275 1138 3316 auo
1160 3275 1217 3319 non

165 3353 327 3426 inponatur.
339 3355 384 3411 »Et
403 3353 452 3426 qui
475 3371 524 3427 par
544 3371 598 3410 xxx
615 3371 705 3412 annos
718 3355 898 3427 cognoscitur
910 3354 994 3412 tonse
1008 3355 1090 3422 liner,
1113 3357 1220 3414 nulium

164 3452 286 3525 patiatur
305 3451 480 3522 violentiam,
512 3451 565 3508 nisi
585 3453 668 3509 liceat
688 3467 753 3510 eum
774 3452 803 3511 in
824 3452 950 3511 libertate
971 3469 1021 3510 suu
1042 3470 1216 3526 ommonem,

164 3557 211 3607 aut
232 3565 282 3622 per
302 3557 506 3608 sacramentum
527 3550 686 3610 detondere.

679 3649 713 3708 11.
829 3666 830 3669 ¹
911 3695 913 3702 ,
997 3701 1000 3706 ,

243 3747 286 3802 De
307 3745 391 3803 servis
411 3747 460 3821 qui
476 3747 571 3819 culpas
591 3746 731 3804 iaciebant
750 3747 785 3803 de
800 3747 900 3805 solidis
920 3764 1021 3817 occec,
1043 3753 1071 3804 et
1090 3748 1220 3806 dominor

164 3860 231 3902 suos
250 3860 301 3917 pro
323 3842 389 3917 ipsis
409 3861 571 3918 conponere
592 3845 681 3913 stetit,
713 3844 873 3915 statuimus,
901 3852 931 3902 ut
951 3845 973 3902 si
997 3845 1085 3902 talem
1109 3847 1218 3918 culpam

165 3941 264 4000 iecerit
283 3957 376 3998 servos
396 3943 471 4000 unde
491 3959 580 4000 occec
594 3942 676 3999 solidi
694 3943 936 4016 componebantur,
959 3942 1031 4000 nihil
1048 3942 1123 4000 atiud
1139 3943 1221 4002 [aciat

166 4039 297 4096 dominun
317 4039 393 4112 ejus,
411 4041 475 4107 nisi
503 4041 564 4114 ipsa
589 4057 708 4114 persona
729 4041 852 4097 trudatur
871 4047 902 4096 ut
914 4040 1074 4106 moriatur3
1105 4048 1133 4098 et
1152 4055 1220 4100 coa·

165 4145 253 4211 ponat
271 4155 323 4210 pro
344 4137 441 4196 illicita
461 4155 542 4195 causa
563 4139 693 4195 dominus
714 4138 772 4210 ejus
793 4138 869 4212 quod
889 4154 982 4195 servus
999 4138 1138 4196 commisit
1154 4138 1220 4196 soti·

104 4295 106 4302 ,
165 4235 219 4292 doe
236 4253 286 4302 ex,
310 4236 476 4308 etamplius
498 4253 555 4293 non
577 4235 768 4295 calumnietur.

238 4352 292 4414 (to
308 4349 524 4401 Gmuowmonrr
541 4354 603 4401 ttem
628 4349 745 4402 nonnuttt
770 4349 870 4401 codtcea
896 4350 1024 4408 referunt,
1051 4350 1120 4412 qnod
1139 4362 1186 4400 nor

167 4441 282 4504 otunbna
302 4439 435 4492 codtcttur
454 4438 633 4500 rutjnnxtmur
651 4439 821 4490 tueremur
839 4437 929 4488 Edicto
947 4437 996 4489 rub
1014 4441 1128 4489 numeru
1146 4449 1218 4488 caru

168 4541 310 4590 -cnxuu,
328 4527 558 4582 Hxnouroxrurr
577 4527 610 4580 dr
627 4527 746 4580 mercede
765 4523 986 4594 comannorum.)
