3172 5228
525 539 663 586 aurorum
687 541 761 588 aaa..
777 535 888 580 aa-sr.
1201 520 1240 584 tu
1303 581 1306 588 ,

261 691 315 747 al.
338 689 367 745 Si
376 689 485 748 tertium
494 688 611 761 digitum
620 689 898 762 depedeexcusserit,
910 694 1054 761 conponat
1063 689 1167 746 solidos
1178 696 1241 748 tres.

260 790 318 845 w.
342 787 370 844 Si
393 794 521 862 quartum
543 788 660 860 digitum
694 789 728 844 de
759 789 830 861 pede
852 787 1011 858 excusserit,
1034 794 1177 860 conponat
1197 803 1242 844 so·

181 883 253 941 lidos
275 892 337 944 tres.

261 986 320 1042 18.
342 983 372 1039 Si
405 983 535 1056 quintum
565 982 683 1054 digitum
719 983 754 1039 de
787 983 860 1056 pede
895 983 1063 1053 excusserit,
1099 992 1242 1057 conponat

180 1080 287 1138 solidos
307 1081 374 1139 duo.

261 1183 319 1238 Μ.
342 1182 372 1236 ln
404 1195 502 1235 omnes
531 1179 596 1234 istas
628 1180 722 1251 plagas
752 1185 800 1234 aut
835 1179 927 1235 leritas
956 1179 1083 1250 superius
1113 1182 1238 1254 scriptas,

180 1296 235 1352 que
256 1279 330 1335 inter
349 1277 476 1334 homenis
498 1277 601 1334 liberos
623 1277 756 1344 evenerit,
780 1275 843 1332 ideo
865 1277 999 1348 majorem
1016 1275 1241 1350 conpositionem

183 1377 326 1450 posuimus
347 1393 431 1448 quam
449 1374 557 1447 antiqui
576 1365 679 1442 nostri,
697 1381 727 1429 ut
745 1375 828 1443 laida,
851 1374 927 1447 quod
949 1374 1153 1443 estinimisilia,
1178 1386 1241 1450 post

180 1482 323 1548 acceptam
358 1472 572 1547 suprascriptam
601 1472 829 1545 conpositionem
858 1480 1041 1557 postponatur
1070 1483 1097 1530 et
1123 1476 1240 1549 amplius

181 1589 237 1629 non
260 1571 426 1644 requiratur,
451 1587 502 1628 neo
523 1569 604 1628 dolus
625 1576 761 1639 teneatur,
785 1577 834 1626 set.
846 1569 882 1626 sit
902 1571 954 1627 sibi
972 1587 1052 1630 causa
1071 1573 1159 1643 linita,
1183 1592 1241 1632 ma·

181 1677 265 1726 neute
286 1668 416 1727 amicitia.
440 1669 475 1724 Et
495 1667 517 1724 si
539 1667 695 1738 contegerit
715 1667 750 1724 de
770 1667 844 1740 ipsas
861 1669 955 1739 plagas
975 1668 1047 1726 intra
1063 1671 1130 1728 anni
1150 1673 1239 1746 spatio

181 1768 229 1841 qui
251 1769 376 1840 plagatus
397 1774 439 1822 est
460 1767 541 1834 mori,
566 1774 632 1822 tunc
653 1765 700 1822 ille
723 1765 771 1838 qui
792 1783 856 1822 eum
877 1767 997 1837 plagavit
1010 1777 1151 1842 conponat
1173 1789 1240 1844 qua·

181 1865 243 1922 liter
264 1865 292 1922 iu
315 1864 548 1937 angargathungi,
572 1864 601 1920 id
622 1869 663 1920 est
683 1863 836 1920 secundom
858 1864 1018 1936 qualitatem
1041 1882 1184 1937 personae.

259 1963 318 2020 ao.
342 1962 392 2035 (lie
412 1964 547 2032 insontem
573 1966 604 2019 in
633 1971 709 2019 utero
738 1965 835 2018 notate
861 1971 988 2039 morton)
1031 1965 1061 2022 Si
1089 1966 1182 2023 iulans
1210 1969 1238 2024 in

177 2068 257 2118 utero
286 2061 379 2118 matris
410 2060 534 2117 nolendo
560 2061 595 2116 ab
621 2059 742 2132 aliquem
763 2060 870 2118 occisus
892 2061 989 2130 luerit,
1013 2062 1035 2118 si
1057 2063 1116 2137 ipsa
1137 2065 1238 2123 mulier
1283 2060 1311 2110 'l

175 2159 261 2216 libera
284 2164 335 2226 est,
361 2165 389 2214 et
400 2159 527 2222 evaserit,
552 2158 722 2231 adpretietur
742 2165 772 2214 ut
789 2159 875 2214 libera
890 2159 1044 2217 secundum
1061 2162 1236 2220 nobilitatem

177 2272 266 2321 suam,
289 2264 317 2312 et
336 2255 514 2312 medietatem
537 2257 612 2328 quod
633 2255 692 2327 ipsa
715 2256 829 2313 valuerit
850 2256 941 2313 iulans
962 2257 1021 2330 ipse
1042 2270 1234 2332 conponatur;

177 2371 241 2410 raam
271 2355 293 2411 si
320 2360 430 2411 mortua
458 2353 557 2418 luerit,
595 2361 738 2427 conponat
765 2370 827 2411 eam
846 2355 1001 2413 secundum
1022 2358 1235 2426 generositatem
1253 2351 1298 2425 ⁰3-

176 2468 267 2521 suam,
291 2459 408 2525 excepto
429 2451 504 2524 quod
526 2451 555 2507 in
577 2457 655 2508 utero
673 2451 731 2523 ejus
745 2458 884 2510 mortuum
901 2451 993 2520 luerit,
1016 2460 1156 2528 utsupraa
1178 2473 1237 2513 ces-
1282 2491 1304 2529 η

177 2558 254 2607 sante
276 2550 360 2619 laida,
383 2567 416 2607 eo
437 2549 516 2623 quod
534 2549 660 2624 nolendo
681 2549 755 2608 lecit.

256 2651 317 2708 ao.
346 2647 400 2720 (De
419 2650 519 2716 aldina,
543 2657 567 2704 et
587 2665 679 2705 anona
699 2651 911 2720 ministeriales.)
952 2644 993 2706 lle
1014 2648 1078 2706 illos
1099 2668 1164 2708 vero
1185 2652 1237 2710 mi·
1279 2649 1318 2681 ’Λ
1360 2637 1396 2664 ⁰*

177 2747 331 2804 nisteriales
351 2746 480 2816 dicimus,
503 2748 551 2818 qui
573 2746 647 2802 docti
669 2747 766 2802 domui
788 2747 882 2804 nutriti
904 2754 971 2804 sunt
989 2757 1036 2804 aut
1058 2751 1173 2821 pronati.
1280 2765 1303 2830 p

256 2847 309 2903 dd.
352 2845 382 2900 Si
403 2844 466 2917 quis
488 2844 593 2902 aldium
614 2843 737 2902 alienum
758 2851 805 2900 aut
825 2861 933 2902 servum
955 2845 1159 2906 ministirialeus
1173 2864 1236 2921 per·

178 2943 302 3012 cusserit,
326 2944 349 3000 si
371 2945 469 2999 vulnus
490 2951 536 2998 aut
556 2940 630 2998 libor
648 2943 825 3016 apparuerit,
848 2960 898 3014 pro
920 2955 975 3002 urla
997 2944 1075 3002 lenita
1096 2953 1237 3018 conponat

176 3040 296 3098 solidum
317 3058 390 3105 unca
416 3041 445 3097 si
466 3041 534 3098 duas
555 3041 671 3109 iecerit,
704 3040 744 3096 dit
764 3041 869 3097 solidos
890 3042 978 3106 duos;
1007 3041 1030 3097 si
1052 3049 1108 3100 tres
1127 3043 1233 3110 lecerit,

177 3139 218 3195 dit
238 3139 342 3195 solidos
363 3147 434 3205 tres;
457 3139 479 3195 si
501 3146 631 3212 quattuor
651 3139 751 3200 licerit,
773 3138 814 3194 dit
834 3138 938 3195 solidos
959 3145 1103 3210 quattuor:
1126 3141 1147 3196 si
1169 3157 1235 3198 vero

177 3237 295 3310 amplius
317 3237 467 3306 duraverit,
490 3253 548 3293 oon
570 3236 751 3294 nomireutur.
831 3225 841 3250 '

255 3339 314 3394 18.
357 3335 386 3392 Si
414 3336 477 3409 quis
495 3334 609 3392 aldium
630 3333 722 3390 alieno
743 3340 790 3388 aut
815 3348 924 3388 seruum
945 3332 1155 3393 ministerialem
1177 3338 1236 3410 pla·

177 3433 282 3505 gaverit
302 3434 330 3490 in
353 3440 435 3506 eaput
449 3440 485 3489 ut
506 3449 567 3490 ossa
589 3448 646 3488 noo
668 3437 849 3503 rumpantur,
879 3445 931 3503 pro
952 3447 1006 3488 una
1028 3432 1108 3504 plaga
1130 3435 1171 3494 dit
1191 3451 1235 3492 so·

178 3531 250 3588 lidos
272 3533 347 3596 duca
370 3532 393 3588 si
415 3532 483 3587 duas
503 3531 598 3603 plagas
620 3528 727 3598 lecerit,
751 3528 792 3585 dit
808 3528 912 3584 solidos
929 3545 990 3594 urr;
1013 3529 1035 3585 ai
1057 3538 1112 3588 tres
1127 3533 1233 3600 lecerit,

177 3637 317 3702 conponat
338 3630 443 3686 solidos
464 3645 509 3693 vr;
533 3635 649 3700 excepto
671 3642 769 3699 operas
791 3634 818 3682 et
838 3627 968 3684 mercidis
984 3629 1103 3686 medici:
1126 3631 1149 3688 ai
1169 3649 1234 3689 vero
1255 3637 1290 3666 Μ’

178 3729 294 3800 amplius
317 3729 410 3800 plagas
431 3726 535 3800 capetis
558 3725 650 3792 luerit,
675 3741 731 3782 non
754 3725 937 3782 nominentur.

255 3828 315 3884 w.
359 3828 388 3883 Si
410 3827 472 3900 quis
493 3826 597 3883 aldium
618 3826 740 3882 alienum
762 3832 931 3882 autservum
947 3824 1156 3883 ministerialem
1177 3827 1236 3898 pla·
1276 3847 1282 3864 ¹

177 3924 283 3994 gaverit
303 3923 332 3980 in
355 3932 437 3996 caput
456 3932 486 3982 ut
506 3939 568 3982 ossa
590 3930 754 3999 rumpantur
774 3940 861 3980 unum
887 3929 934 3979 aut
955 3924 1061 3995 plures,
1093 3932 1236 3997 conponat

174 4020 280 4077 solidos
302 4028 442 4092 quattuor,
465 4029 581 4095 excepto
604 4037 703 4094 operas
724 4029 752 4079 et
773 4019 910 4078 mercedis
931 4021 1043 4078 medici.

256 4119 322 4176 80.
346 4115 401 4188 (De
419 4122 500 4193 piopo
519 4123 550 4177 in
570 4120 668 4194 sario.)
710 4119 739 4176 Si
761 4118 822 4192 quis
843 4119 948 4175 aldium
968 4118 1091 4176 alienum
1111 4125 1159 4178 aut
1177 4138 1235 4178 scr-

175 4233 239 4274 vum
260 4215 464 4274 ministirialem
478 4220 587 4290 plagam
608 4217 637 4274 in
654 4217 751 4275 taciem
765 4216 870 4286 iecerit,
894 4222 1036 4288 conponat
1047 4217 1153 4275 solidos
1165 4219 1232 4278 duo.

255 4316 312 4375 81.
336 4313 388 4386 (ue
410 4317 483 4372 oculo
503 4313 614 4389 enolae.)
657 4314 686 4371 Si
708 4313 770 4386 quis
791 4314 894 4370 aldium
916 4313 1039 4371 alienum
1059 4323 1107 4372 aut
1125 4332 1234 4373 servum

174 4413 369 4471 ministrialcm
398 4414 508 4470 oculum
529 4412 696 4481 excusserit,
728 4411 904 4470 medietatem
935 4413 1016 4485 pretii
1046 4414 1132 4488 ipsius
1159 4415 1235 4488 quod

175 4509 360 4584 adpretiatom
381 4510 465 4568 luerit
484 4510 507 4567 si
529 4525 591 4568 eum
613 4507 755 4568 occidissit
775 4509 801 4566 ei
824 4517 974 4582 conponat.
