3172 5228
399 509 442 572 so
625 508 627 514 '
780 525 964 576 summum
988 531 1080 576 nume

473 676 548 732 Haeo
567 686 656 748 meas
676 681 787 748 munis,
817 695 887 750 qam
914 683 995 736 ruodo
1023 683 1056 738 tu
1082 689 1202 754 perante
1221 682 1314 739 Edisti
1339 701 1449 755 corpore
1558 737 1559 740 ,

395 778 562 846 wilermus,
588 779 612 832 ri
639 779 762 848 deinceps
781 795 864 834 curuo
883 781 1020 834 eneruis
1039 782 1078 835 ric
1099 782 1193 836 deeset
1210 782 1272 850 lieri
1292 783 1446 848 terminale,

394 875 461 929 sieut
481 891 553 929 nunc
573 882 688 930 statuero
707 877 760 930 uisi
779 893 886 940 euersor,¹
916 893 985 946 quoe
1007 884 1096 932 minu
1122 885 1203 934 euleu
1223 887 1383 934 uuerseml
1410 880 1450 934 sie

396 973 618 1035 detmuiuenter,
638 973 707 1028 rieul
726 975 847 1028 outmior
867 975 1004 1030 institutio
1020 976 1083 1042 suita

744 1113 872 1152 uxrulclr
893 1113 930 1153 1>ss
952 1113 1026 1153 ΔΝΝΟ
1047 1113 1090 1156 XV.

634 1297 761 1349 INCIPIT
781 1297 824 1349 DE
844 1297 938 1350 ANNO‘
955 1295 1211 1353 suxnouscmw.

615 1423 748 1486 (Kalendis
783 1427 894 1482 martiis,
930 1437 996 1474 anuo
1028 1422 1231 1488 DCCIIVIII.)
1287 1437 1288 1442 ¹

721 1546 913 1610 VOLUMEN
939 1547 1127 1612 llEClMUM.

470 1689 595 1746 Pluribus
616 1691 677 1761 jam
707 1691 815 1764 quidem
842 1692 945 1747 uicibus
972 1693 1003 1745 in
1029 1693 1143 1761 antiquo
1164 1689 1256 1746 Edisti
1280 1707 1391 1762 corpore
1417 1707 1449 1745 eo

390 1789 537 1858 odjunpere
557 1791 727 1856 curavimus,
759 1805 828 1859 quoe
853 1806 904 1860 pro
935 1791 1020 1844 solute
1047 1791 1156 1845 animae
1183 1798 1206 1844 el
1233 1789 1321 1858 pentir
1340 1795 1450 1842 nostroe

390 1886 539 1941 saluatione
560 1903 612 1941 esre
631 1889 823 1956 prospeximus.
845 1885 924 1942 Nunc
945 1888 1012 1954 olio,
1036 1903 1105 1957 quoe
1124 1887 1308 1952 similimum,
1332 1901 1364 1939 eo
1384 1900 1448 1940 eou-

390 1981 549 2051 eideroul'es,
572 1986 717 2039 secuudum
738 1983 824 2039 Deum
844 1991 913 2039 recle
933 2001 986 2039 erse
1007 1986 1188 2054 coenavimus,
1211 1992 1241 2039 ut
1260 2000 1308 2038 uec
1326 1983 1450 2053 perjurio

389 2097 437 2136 nee
456 2082 552 2153 iuopia
582 2083 653 2135 inter
683 2090 788 2136 nostroe
810 2090 945 2151 emerpoul
965 2083 1071 2151 fideles,
1096 2083 1285 2152 praevidentes
1312 2097 1369 2136 unu
1389 2095 1449 2135 mem

390 2180 490 2266 uostris
514 2179 654 2250 judicibus
683 2187 762 2248 elque
787 2173 922 2249 fidelibus
938 2178 1147 2251 loupoiorclis,
1178 2186 1202 2234 et
1229 2171 1449 2248 mouo‘prueuri

390 2284 514 2346 tempore,
539 2273 586 2330 die
603 2277 782 2332 kalendorum
801 2279 974 2340 mertiorum,
998 2294 1082 2340 anuo,
1107 2272 1264 2332 effulsio
1282 2283 1445 2346 prolepeute

389 2375 467 2443 requi
486 2376 575 2430 nostri
592 2389 656 2442 xvi,
689 2376 838 2429 indictione
858 2357 1018 2442 undecimo,
1050 2377 1148 2430 iterum
1168 2375 1333 2445 odjuuoere:
1361 2371 1449 2427 Deum

390 2473 544 2526 iuoooomue
565 2480 668 2538 testem,
692 2489 747 2526 uon
766 2489 816 2542 pro
838 2474 932 2542 aliquo
951 2489 1025 2527 oeae
1045 2473 1134 2544 pierio
1153 2479 1201 2528 eul
1221 2473 1302 2527 leude
1328 2472 1449 2527 murone

390 2571 571 2638 querendum,
605 2571 652 2624 sed
673 2565 725 2623 Dei
743 2571 921 2648 omnipotenti
939 2571 1086 2640 placendo,
1115 2577 1139 2625 el
1167 2576 1273 2624 nostros
1301 2571 1333 2623 de
1356 2583 1450 2623 errore

391 2667 506 2721 tollendo
528 2667 668 2736 subjectos.

469 2811 522 2889 (Ι.)
564 2816 630 2872 eo.
668 2813 698 2872 Si
719 2815 781 2888 quie
806 2832 857 2887 pro
879 2833 994 2873 causam
1011 2833 1090 2872 seram
1110 2815 1216 2892 aliquid
1235 2815 1322 2888 judici
1343 2815 1447 2872 autad

390 2913 619 2985 qualemcumque
648 2913 818 2986 locopositus
845 2914 886 2994 rel
908 2914 998 2970 fidelis
1026 2915 1085 2986 regi
1106 2915 1245 2984 dederit„
1262 2919 1289 2970 et
1309 2909 1448 2970 viventem

389 3026 451 3070 oum
473 3009 632 3082 requisierit
653 3011 772 3067 dicendo
795 3009 870 3083 quod
892 3011 1041 3068 liberatum
1068 3028 1128 3068 non
1152 3012 1204 3080 sit,
1233 3009 1314 3066 faciel
1344 3009 1384 3066 illi
1403 3009 1449 3081 ju-

388 3107 490 3164 stitium
512 3114 575 3179 post
594 3114 833 3180 quantuscumque
854 3125 942 3164 annos
961 3108 1126 3181 requisierit
1155 3109 1232 3166 Nam.
1245 3107 1268 3164 si
1289 3115 1351 3178 post
1372 3123 1450 3162 mor-

388 3212 443 3260 tem
465 3203 523 3276 ejus
545 3204 618 3262 filius
639 3213 686 3262 aut
707 3206 817 3262 heredis
837 3205 996 3278 pulsaverit,
1020 3205 1060 3262 sic
1080 3205 1235 3273 statuimus,
1259 3210 1289 3260 ut
1308 3203 1332 3261 si
1353 3203 1449 3260 vireu-

388 3309 444 3360 tem
464 3309 570 3374 patrem
591 3303 709 3374 pulsarit
729 3304 929 3376 proclamando
956 3277 992 3368 aei
1013 3319 1128 3373 regem,¹
1157 3309 1204 3360 aut
1229 3301 1449 3374 conpellendum

316 3425 319 3432 ·
388 3415 439 3471 per
458 3399 527 3455 tales
546 3398 675 3472 hemines
696 3417 815 3472 quorum
836 3401 905 3461 ledis
921 3400 1095 3469 ammittitur„
1118 3406 1146 3456 et
1167 3399 1266 3482 veritas
1287 3398 1450 3472 apperuerit

387 3496 465 3568 quod
485 3497 602 3568 pulsarit
622 3504 649 3552 et
666 3497 801 3569 justitiam
822 3498 948 3566 iuvenire
970 3515 1026 3554 nou
1054 3497 1155 3570 potuit,
1178 3497 1260 3554 iaciat
1280 3496 1306 3552 ei
1328 3496 1378 3552 filii
1399 3503 1450 3552 aut

387 3592 504 3648 heredes
521 3592 654 3664 justitiam
674 3595 747 3650 sieut
766 3597 812 3650 lex
826 3602 877 3662 est,
900 3595 922 3650 si
945 3595 1016 3652 intra
1031 3595 1098 3654 anni
1110 3593 1235 3667 spatium
1247 3603 1309 3668 post
1326 3599 1449 3656 mortem

389 3690 474 3763 patris
495 3690 536 3746 sui
558 3692 755 3764 repetitionem
776 3708 853 3748 suam
876 3692 1023 3748 ostendere
1051 3693 1190 3764 potuerit3
1222 3709 1285 3750 nam
1313 3692 1336 3748 si
1365 3708 1450 3748 suam

386 3787 613 3846 reclamationem
629 3790 775 3846 ostendere
795 3805 850 3845 nou
863 3789 995 3861 potuerit,
1018 3796 1045 3846 et
1060 3790 1126 3846 anni
1144 3790 1263 3862 spatium
1274 3789 1446 3863 preterierit,

387 3885 511 3942 aetiamsi
532 3886 662 3958 pulsassil
682 3903 739 3942 non
761 3885 863 3943 habeat
891 3886 1052 3958 legundiam
1073 3887 1146 3944 filius
1173 3894 1220 3944 aut
1240 3886 1343 3944 heretis
1363 3902 1449 3958 repe·

387 3983 488 4049 tendo,
513 3984 567 4040 uisi
587 3984 623 4040 sit
641 3983 694 4040 sibi
715 3990 909 4057 conlemptus:
933 3985 998 4058 quia
1020 3985 1103 4042 etde
1124 3985 1213 4042 wadia
1233 3992 1261 4041 et
1282 3984 1449 4057 fidejussore

388 4081 423 4137 do
444 4088 618 4153 sagramento
651 4083 688 4138 ita
708 4083 837 4139 Roruuur
858 4083 988 4138 decessor
1010 4088 1105 4139 noster
1131 4082 1161 4140 in
1183 4083 1323 4140 anteriore
1343 4081 1448 4138 Edicto

388 4179 428 4238 sic
448 4180 555 4250 statuit,
589 4187 618 4236 ut
649 4185 711 4253 post
743 4180 810 4236 anui
830 4179 954 4252 spacium
982 4180 1059 4252 cujus
1080 4195 1143 4252 pars
1165 4179 1319 4253 neglexerit
1338 4181 1451 4238 amittat

389 4294 499 4336 causam
519 4293 614 4343 suam;
637 4277 758 4350 ideoque
781 4276 862 4332 uobis
883 4293 1038 4348 congruum
1059 4277 1159 4350 paruit,
1183 4285 1213 4333 ut
1232 4277 1291 4351 ipse
1312 4277 1360 4350 qui
1382 4277 1448 4334 siue

388 4375 476 4433 wadia
496 4383 524 4431 el
543 4375 734 4447 fidejussorem
755 4375 874 4446 repetire
895 4375 1003 4448 querit,
1030 4380 1094 4446 post
1114 4375 1180 4432 anni
1202 4374 1326 4448 spacium
1348 4375 1449 4430 sacun-

388 4473 463 4532 diam
484 4491 541 4530 uon
563 4472 664 4529 habeut
684 4471 886 4544 reperiendum.
1210 4461 1213 4468 ’
