3198 5222
507 563 647 608 unierunt
668 561 735 608 cae.
750 556 777 601 sa
789 579 815 588 -
830 555 864 602 su.
1142 543 1205 606 127

151 721 276 789 quartam
308 699 433 787 panemo
475 719 504 770 et
534 713 556 770 si
583 713 701 786 amplius
729 711 848 782 fuerint,
880 727 930 784 per
960 709 1049 770 hanc.
1067 713 1205 772 rationem

151 819 325 887 conputetur.

231 909 287 984 (V.)
323 911 381 967 14.
411 909 448 965 Et
477 909 576 976 iterum
604 907 626 964 si
659 907 721 979 quis
745 907 944 977 langobardus
970 907 1101 966 decidens
1127 909 1206 966 uxori

151 1025 199 1065 sue
220 999 420 1065 usumfructum
442 1009 476 1064 da
497 1007 579 1062 rebus
605 1006 662 1062 suis
694 1005 818 1076 judicare
849 1005 979 1071 vuluerit,
1010 1012 1039 1063 et
1067 1007 1140 1064 filius
1164 1009 1206 1064 vel

150 1107 221 1162 filias
242 1125 276 1162 ex
298 1123 329 1162 ea
351 1104 506 1178 reliquerit,
529 1119 586 1159 uon
608 1102 725 1174 amplius
746 1103 772 1158 ei
793 1119 844 1175 pro
865 1103 1065 1161 usumfructum
1083 1106 1207 1178 judicare

152 1204 254 1275 possit,
287 1219 370 1275 quam
391 1202 568 1259 medietatem
590 1217 623 1255 ex
644 1215 692 1256 sua
714 1200 877 1263 substantia,
901 1216 984 1271 super
1003 1202 1066 1258 illut
1085 1203 1161 1275 quod
1180 1204 1206 1259 ei

150 1301 178 1355 in
200 1301 364 1371 morgincap
385 1308 414 1355 et
433 1306 533 1354 metam
555 1298 707 1354 secundum
729 1299 820 1367 legem
840 1298 934 1353 datum
956 1299 1045 1357 fuerit.
1073 1301 1109 1356 Et
1129 1300 1151 1356 si
1173 1302 1207 1356 ii·

152 1398 204 1453 lius
230 1405 278 1454 aut
298 1398 368 1454 filias
398 1415 433 1452 ex
463 1396 517 1452 alia
534 1412 620 1451 uxore
649 1395 795 1467 reliquerit
822 1410 910 1451 unum
930 1403 977 1451 aut
997 1395 1087 1463 duos,
1121 1399 1208 1470 possit

151 1495 230 1550 uxori
252 1511 317 1552 suae
339 1494 417 1550 tertia
433 1493 591 1564 portionem
606 1491 640 1548 ad
652 1493 853 1548 usumfructum
869 1493 1045 1566 relinquere;
1068 1495 1090 1550 si
1107 1496 1209 1552 fuerint

152 1601 217 1662 tres,
241 1600 367 1665 quartam
382 1599 508 1664 partem3
537 1591 559 1646 si
581 1597 672 1646 autem
692 1591 811 1662 amplius
829 1590 926 1660 fuerit,
950 1607 1000 1663 per
1020 1592 1073 1649 boc
1090 1609 1207 1650 numero

152 1698 328 1763 conputetur.
351 1689 516 1761 Morgincap
537 1693 565 1745 et
584 1695 667 1758 meta,
688 1687 767 1760 quod
790 1687 815 1743 ei
834 1687 942 1758 legibus
959 1688 1023 1745 data
1035 1697 1086 1759 est,
1110 1691 1208 1748 habeat

151 1788 293 1846 inantea.
338 1786 368 1843 Si
394 1786 508 1858 quidem
530 1784 656 1858 nupserit
677 1790 771 1856 postea
793 1793 839 1841 aut
865 1793 972 1842 mortua
995 1785 1093 1857 fuerit,
1118 1806 1210 1846 usum-

153 1887 271 1943 fructum
303 1885 331 1941 in
359 1885 499 1955 integrum
531 1884 566 1940 ad
588 1884 705 1940 heredes
726 1890 893 1948 revertaturt
926 1885 961 1941 de
988 1891 1060 1942 meta
1088 1903 1153 1943 vero
1183 1893 1211 1942 et

151 1984 313 2056 morgincap
334 1983 383 2039 fiat
403 1983 556 2038 secuudum
576 1981 746 2038 anteriorem
766 1982 907 2039 Edictum.
1065 1967 1067 1972 ⁸

231 2078 309 2155 (Vl.)
339 2081 398 2137 15.
420 2080 550 2136 Pervenit
570 2079 605 2134 ad
627 2095 689 2147 nos,
712 2079 789 2151 quod
810 2081 876 2137 dum
898 2080 1010 2152 quidam
1032 2081 1153 2140 bominis
1173 2082 1209 2138 ad

149 2178 355 2251 suscipiendam
376 2194 508 2251 sponsam
529 2177 672 2249 cujusdam
693 2177 788 2249 sponsi
815 2195 879 2237 cum
903 2180 1084 2251 paranimpha
1105 2188 1133 2237 et
1153 2189 1210 2238 tro-

150 2277 252 2348 ctiugis
276 2273 472 2345 ambularent,
502 2276 624 2347 peruersi
652 2275 774 2331 bominis
801 2292 903 2348 aquam
929 2277 1071 2334 sordidam
1092 2286 1120 2336 et
1140 2287 1209 2337 ster·

150 2389 276 2431 euroeam
298 2391 381 2447 super
401 2374 460 2446 ipsa
478 2373 610 2445 iactassit.
654 2372 710 2428 Sed
739 2372 804 2444 quia
831 2372 1011 2443 cognevimus
1031 2377 1135 2432 malum
1156 2377 1209 2434 buc

150 2488 202 2545 per
222 2471 331 2543 singula
349 2472 412 2529 luca
433 2469 505 2538 fieri,
528 2469 708 2543 previdimus,
732 2487 767 2526 ne
784 2487 839 2542 ,pro
861 2471 932 2527 banc
949 2488 1058 2529 causam
1079 2476 1209 2533 scandala

151 2571 192 2626 vel
215 2568 380 2632 homicidias
400 2575 526 2638 surgant,
550 2573 580 2624 ut
600 2567 623 2624 si
644 2568 826 2641 quiscumque
848 2568 919 2624 liber
940 2570 1024 2626 bomo
1045 2572 1129 2632 talem
1150 2588 1208 2628 rem

151 2667 240 2725 facere
262 2665 446 2739 temptaverit,
468 2671 612 2738 conponat
632 2665 737 2725 solidos
753 2666 915 2736 nonientus,
938 2668 1115 2726 medietatem
1135 2669 1207 2740 regi,

149 2772 176 2823 et
196 2764 375 2822 medietatem
395 2765 430 2820 ad
452 2765 605 2822 mundoald
632 2764 700 2836 ejus.
742 2765 812 2820 Nam
840 2764 863 2822 si
883 2766 1060 2838 pertinentes
1088 2767 1210 2826 bominis

150 2863 203 2920 boc
225 2862 343 2920 facerint
361 2861 422 2918 sine
444 2862 613 2919 uoluntatem
633 2860 742 2919 domini
763 2862 823 2932 sui,
856 2868 933 2920 etse
961 2862 1092 2920 dominus
1112 2881 1209 2942 eorum

150 2960 297 3033 purificare
318 2975 369 3032 per
388 2968 591 3016 recrementum
613 2975 695 3017 ausus
714 2959 797 3016 fuerit
818 2960 894 3032 quod
922 2977 974 3018 nee
999 2977 1062 3018 cum
1083 2962 1142 3034 ejus
1162 2980 1211 3018 vo·

149 3059 286 3115 lurrtatem
314 3074 365 3112 nec
398 3057 518 3114 consilio
547 3058 589 3114 sel
611 3073 779 3115 eonsensum
799 3057 902 3114 factum
923 3057 1035 3121 luisset,
1063 3059 1135 3117 servi
1156 3059 1209 3131 ipsi

151 3156 295 3212 tradantur
316 3155 344 3210 in
364 3170 463 3211 manus
484 3155 519 3211 de
532 3154 687 3214 mundoald
708 3154 777 3227 ejus,
800 3161 827 3210 et
847 3154 906 3227 ipse
922 3155 1005 3212 faciat
1024 3156 1059 3212 de
1080 3157 1121 3212 eis
1133 3157 1210 3230 quod

152 3253 179 3310 ei
202 3253 357 3326 placuerit,
387 3259 415 3308 ct
441 3252 559 3324 amplius
586 3259 720 3326 patronus
742 3252 881 3310 calumnia
907 3269 965 3308 uon
987 3253 1110 3320 habeat;
1138 3254 1209 3310 etsi

148 3352 242 3423 jurare
273 3367 339 3406 nens
358 3334 576 3423 presumpserit,
606 3356 748 3424 conponat
776 3349 849 3406 sicut
875 3366 957 3423 supra
979 3351 1086 3423 legitor
1106 3352 1211 3410 solidos

151 3456 321 3520 nungentos.
787 3481 788 3486 κ
863 3447 867 3452 ’

234 3545 293 3605 uu.
321 3547 382 3604 16.
414 3544 445 3601 si
466 3545 528 3617 quis
548 3544 747 3615 Langobardos
769 3559 833 3601 cum
854 3541 1044 3618 pontificibus,
1070 3547 1207 3612 abatibus,

151 3646 193 3702 vel
215 3643 379 3700 custodibus
399 3642 593 3706 ecclesiarum,
624 3655 671 3698 sec
698 3640 958 3698 exenodochiorum
977 3643 1145 3718 prepositis,
1174 3645 1210 3702 de

151 3742 373 3815 quibuscumque
394 3742 476 3796 rebus
497 3739 722 3797 convenientiam
742 3739 849 3805 fecerit,
873 3745 902 3795 et
921 3755 1014 3811 poena
1038 3741 1112 3806 inter
1125 3742 1210 3815 partis

151 3839 325 3911 obligaverit,
344 3844 371 3894 et
386 3838 503 3894 heredes
514 3838 556 3892 vel
568 3853 742 3896 successores
759 3854 825 3894 suos
836 3838 1048 3910 conligarerint,
1072 3845 1100 3894 et
1113 3839 1208 3896 idonei

150 3937 275 3994 hominis
295 3935 480 4006 interfuerint,
504 3950 561 3990 nou
583 3934 692 4006 possint
713 3942 809 4007 postea
830 3936 865 3991 ab
887 3951 984 3992 eurum
1004 3936 1209 3994 successoribus

150 4035 298 4105 mmoreri,
321 4034 392 4090 sicut
413 4050 464 4092 nec
486 4033 637 4090 remonitus
662 4033 697 4089 ab
718 4033 818 4090 eodem
839 4032 1070 4104 Langobardunr,
1093 4041 1209 4106 excepto

150 4133 173 4191 si
204 4149 276 4205 pena
297 4130 425 4201 'obligata
453 4146 615 4202 conponere
647 4129 775 4188 veluerit.
819 4130 850 4187 Si
871 4145 935 4186 vero
962 4131 1207 4189 cummutationem

150 4229 268 4286 feceriut
288 4229 323 4284 de
343 4227 424 4296 casis,
447 4227 538 4295 terris,
561 4227 603 4283 vel
622 4226 745 4296 familiis,
763 4233 792 4284 et
812 4227 915 4285 fueriot
931 4227 1005 4284 inter
1020 4228 1120 4285 missus
1137 4228 1210 4299 regis

151 4327 194 4381 vel
216 4325 355 4397 pontilicis
375 4341 424 4380 sco
441 4325 569 4396 iudices,
602 4331 649 4380 aut
675 4325 743 4380 tales
765 4324 893 4381 homines
924 4331 980 4382 tres
999 4342 1120 4398 quorum
1139 4325 1209 4384 fides

151 4421 326 4489 ammittituu,
350 4429 378 4478 et
397 4439 442 4480 res
463 4422 607 4480 meliorata
626 4422 666 4480 eis
688 4422 812 4496 paruerit
831 4430 898 4484 orne
919 4422 1033 4497 quaudo
1054 4423 1114 4498 ipsa
1134 4440 1209 4481 ecm-

152 4520 269 4578 mntatin
295 4519 365 4577 fucta
391 4520 444 4578 fuit
472 4519 548 4593 quod
575 4520 718 4594 persicci
748 4519 872 4592 religiosi
898 4519 1048 4595 suscipiat,
1081 4521 1158 4580 nullu
1178 4519 1208 4580 in
