3172 5228
474 513 613 564 nurusnrr
636 515 702 596 oar.
723 509 864 558 ami-soa.
1154 482 1195 563 ii

141 680 213 736 sem,
235 664 288 724 sibi
309 672 401 726 sextus
418 665 486 739 iurit
500 665 541 748 ad
563 683 638 735 arms
658 666 782 733 sacratas
803 673 859 726 tres
879 666 905 725 el
927 666 1050 728 nomfnlt
1068 665 1115 740 qui
1136 667 1198 740 pul-

141 771 199 832 sat,
232 771 259 820 et
279 764 350 822 duos
371 765 473 823 liberos
493 764 546 822 sibi
569 766 660 835 elegat
680 763 770 836 qualis
791 763 910 823 uoluerit
930 765 978 837 qul
1000 766 1143 837 pulsatur,
1171 771 1199 824 et

141 869 234 918 sextus
254 860 290 918 sit
308 862 376 934 ipso.
418 863 455 920 Et
483 863 505 920 si
532 861 626 932 minor
654 861 736 921 fuerit
762 878 843 921 causa
864 860 899 918 de
920 861 1069 922 duodicem
1089 861 1196 934 solidis,

141 959 194 1024 silui
211 959 308 1018 tertius
319 959 394 1032 juret
408 959 443 1016 ad
461 975 552 1026 arma3
575 975 661 1024 unum
681 958 707 1017 ei
722 957 853 1026 nominit,
876 958 1002 1018 elafium
1019 959 1073 1018 sibi
1088 966 1196 1100 querat,

142 1062 170 1115 et
190 1055 287 1114 tertius
308 1057 344 1115 sil
363 1054 434 1128 ipse

222 1155 315 1213 86⁰·
340 1151 388 1226 (De
407 1155 501 1210 wadio
522 1159 546 1209 et
565 1149 767 1228 fideiussorem.)
789 1152 819 1210 Si
840 1151 903 1226 quis
924 1152 971 1210 alii
988 1098 1076 1212 wadia
1093 1093 1200 1214 attide-

138 1252 277 1326 iussorem
298 1250 341 1309 de
353 1257 556 1314 sacramentum
577 1251 703 1322 dederit,
732 1267 784 1336 per
813 1251 907 1315 omnia
935 1252 1012 1325 quud
1040 1267 1091 1326 per
1111 1252 1200 1310 wadia

143 1351 280 1425 oblegarit
301 1350 450 1423 adinpleat
491 1349 528 1406 Et
548 1349 595 1408 ille
616 1349 664 1424 qul
684 1350 790 1422 pulsat,
821 1355 850 1406 et
877 1349 926 1408 illa
954 1349 1003 1424 qui
1028 1351 1153 1423 pulsatur
1172 1355 1201 1408 et

142 1449 232 1506 wadia
252 1449 383 1521 suscepit,
407 1446 591 1521 proximiores
604 1447 823 1510 sacramentales
844 1447 892 1520 qul
910 1449 1051 1508 nascendo
1066 1456 1131 1510 sunt
1149 1449 1200 1506 de·

142 1555 204 1605 reat
225 1546 388 1612 nominares
412 1553 518 1606 mittum
540 1541 592 1616 c'st,
615 1553 731 1620 excepto
752 1545 831 1604 illum
853 1546 903 1619 qui
923 1563 1033 1618 gravem
1054 1547 1200 1606 inimicitia

143 1659 206 1704 eum
227 1643 318 1719 ipsum
339 1643 386 1717 qui
408 1645 499 1718 pulsat
519 1643 665 1702 comissam
686 1644 783 1714 habit,
811 1644 884 1704 idest
905 1644 953 1717 qui
974 1645 1055 1718 plaga
1076 1645 1102 1703 ci
1124 1645 1199 1718 tecit,

142 1751 191 1802 aut
210 1744 239 1802 in
261 1726 378 1800 mortem
399 1742 561 1814 consensit,
593 1747 704 1800 autres
733 1759 797 1804 suas
815 1741 865 1800 alii
886 1742 1037 1814 thingavit,
1061 1743 1120 1817 ipse
1143 1761 1201 1800 non

143 1849 235 1917 potest
255 1857 318 1898 esse
336 1834 553 1913 sagramentales
572 1840 698 1913 quamvis
720 1840 862 1913 proximus
883 1840 933 1907 sit,
964 1857 999 1898 en
1024 1842 1100 1914 quod
1121 1841 1203 1900 nimi-

142 1957 192 1998 cus
212 1948 260 1998 aut
279 1945 425 1996 extraneus
446 1939 587 1998 invenitur
608 1954 677 1998 esse.

223 2041 306 2100 801.
332 2037 381 2104 ,ιιι
408 2037 470 2109 quis
500 2036 547 2094 alii
574 2052 626 2109 pro
656 2052 831 2109 quacumque
862 2051 943 2095 causa
975 2035 1064 2094 wadia
1090 2044 1120 2094 ct
1139 2037 1203 2095 lidi-

140 2134 249 2207 iussore
271 2135 306 2192 de
326 2141 499 2193 sacramento
522 2134 647 2199 dederit,
680 2133 721 2190 dit
742 2133 768 2190 ei
789 2133 914 2230 spacium
933 2149 1034 2207 usque
1047 2135 1083 2218 ad
1104 2135 1204 2195 duodi-

144 2249 205 2290 cem
228 2233 317 2290 noctis
338 2233 401 2290 ad
394 2248 484 2305 ipsum
506 2238 709 2289 sacramentum
732 2230 873 2296 dandum
896 2238 923 2289 et
940 2232 963 2289 si
990 2207 1116 2304 forsitan,
1138 2250 1204 2308 pro-

144 2337 206 2404 pter
215 2330 402 2402 egritudinem
417 2336 464 2387 aut
485 2329 566 2386 aliam
581 2345 691 2386 causam
709 2328 960 2404 supervenientem,
983 2329 1013 2386 in
1028 2331 1203 2404 praedictum

145 2429 324 2486 constitutum
346 2445 403 2485 non
427 2427 549 2502 potuerit
567 2427 677 2501 jurare,
709 2427 894 2500 suspendatur
921 2445 1031 2486 causam
1059 2430 1203 2504 usquead

145 2524 213 2584 alias
234 2525 382 2584 duodecim
404 2525 503 2584 noetis.
531 2525 611 2584 Etsi
633 2543 685 2584 nec
707 2533 772 2584 tunc
792 2526 974 2598 conplorent,
998 2534 1025 2606 et
1045 2535 1134 2586 totum
1155 2545 1204 2586 an-

146 2640 213 2681 num
231 2641 316 2690 upum
337 2624 509 2682 volontariae
531 2624 702 2694 dilataverit,
731 2631 758 2681 el
778 2630 982 2683 sacramentum
1003 2642 1061 2682 non
1083 2627 1202 2694 dederit,
1224 2633 1228 2643 '

145 2727 291 2780 tune-ram
307 2723 401 2795 ipsam
422 2723 496 2778 unde
517 2722 608 2793 agitur
629 2721 750 2792 amittat,
774 2729 802 2778 et
822 2721 870 2778 illc
891 2722 1026 2796 adquerat
1046 2725 1096 2797 qui·
1116 2725 1204 2782 wadia

145 2820 275 2892 suscepit.
303 2819 339 2876 Et
360 2819 500 2879 contrario
522 2820 546 2877 si
567 2820 614 2876 ille
636 2819 682 2892 qui
705 2819 794 2876 wadia
814 2820 968 2892 susceperit
988 2821 1143 2880 dilataierit
1162 2819 1212 2880 sa?

148 2924 321 2975 crementum
343 2918 455 2987 audire,
477 2923 505 2974 et
525 2933 600 2974 anno
621 2922 680 2973 toto
702 2916 878 2990 protraxerit,
902 2924 965 2989 post
985 2920 1115 2990 tranmcti
1137 2920 1205 2978 anni

146 3015 266 3090 spatium
277 3017 353 3072 nulla
364 3022 391 3072 et
399 3015 430 3072 iu
442 3020 585 3088 posterum
596 3014 696 3071 haheat
705 3013 864 3084 legundiam
875 3014 910 3070 de
920 3013 1009 3086 ipsam
1019 3032 1078 3072 rem
1088 3018 1206 3090 loquen-

146 3113 187 3179 di,
212 3114 261 3170 sed
282 3113 329 3170 ille
350 3113 397 3187 qul
416 3120 526 3186 paratus
543 3111 595 3170 fuit
616 3117 817 3169 sacramentum
839 3112 905 3168 dare
921 3111 1038 3169 firmiter
1053 3114 1203 3186 possideat.

227 3213 316 3269 882.
339 3210 382 3285 (Si
396 3219 457 3283 post
476 3219 672 3268 sacamentum
686 3213 841 3283 iudicatum
861 3211 961 3281 uliquis
980 3208 1135 3286 ιιιοιιαιιιι.)
1175 3209 1205 3268 Si

146 3309 303 3380 contugerit
323 3309 430 3366 homini
450 3316 514 3381 post
535 3310 629 3366 datum
649 3308 811 3380 fidejussore
834 3307 868 3364 de
890 3315 1094 3366 sacramentum
1115 3316 1144 3365 et
1163 3324 1206 3366 sa·

147 3407 332 3478 gramentales
353 3406 513 3464 nominatus
533 3405 623 3476 mori,
647 3411 675 3462 et
695 3405 769 3461 filius
791 3404 946 3471 dimiserit,
979 3414 1131 3481 posteaque
1158 3407 1206 3464 ille

148 3505 197 3579 qui
219 3521 329 3563 causam
350 3501 441 3578 querit
457 3503 608 3578 pulsaverit
625 3503 708 3568 lilius,
733 3501 864 3572 dicendo,
888 3503 953 3576 quia
969 3503 1110 3578 Quidquid
1128 3514 1208 3580 pater

146 3621 196 3678 per
214 3603 309 3662 noeto
327 3611 353 3660 et
371 3605 552 3677 fideiussorem
578 3603 721 3674 obligavit,
734 3634 739 3646 ι
753 3603 824 3673 filius
851 3604 972 3674 conplere
999 3605 1110 3671 dedeut,·
1142 3611 1207 3661 tunc
1237 3649 1239 3653 .

148 3717 262 3760 necesse
284 3709 326 3758 est
346 3701 438 3770 filius,
471 3699 595 3772 quamvis
612 3699 751 3757 uirtutem
780 3699 918 3758 minorem
939 3700 1061 3758 habeant
1081 3719 1097 3758 a
1117 3709 1205 3775 patre,

148 3806 196 3858 aut
216 3816 267 3874 per
285 3805 490 3871 sagramentum
512 3814 614 3869 negare
635 3797 711 3870 quod
733 3804 929 3873 paternorum
951 3815 1008 3854 non
1029 3798 1205 3872 promisissit,

149 3903 198 3954 aut
217 3904 291 3954 certe
312 3897 388 3971 quod
409 3903 486 3971 pater
506 3913 603 3954 eorum
618 3897 771 3969 spopondit
786 3896 938 3969 adinpleat.
962 3897 999 3954 Et
1017 3897 1041 3953 si
1058 3896 1160 3970 aliquis
1172 3898 1207 3956 ds

149 3995 226 4067 ipsos
239 3995 446 4053 sacramentalis
463 4001 588 4052 mortuos
599 3993 691 4064 fuerit,
704 3998 870 4067 potestatem
883 3994 984 4050 habeat
993 3992 1040 4051 ille
1059 3995 1107 4068 qui
1118 3996 1210 4068 pulsat

149 4089 180 4153 in
201 4094 294 4150 locum
306 4093 407 4150 mortui
428 4093 513 4152 alium
529 4092 655 4154 semilem
671 4092 816 4154 nominare
838 4091 873 4152 de
890 4090 1033 4164 proximos
1048 4093 1206 4166 legetimos,

150 4195 199 4248 aut
218 4189 253 4246 de
266 4196 356 4256 natos,
381 4198 429 4248 aut
443 4191 477 4248 de
494 4190 664 4264 gamahalos,
687 4189 717 4249 id
734 4195 775 4246 est
790 4189 992 4250 confabulatus.
1015 4190 1053 4248 Et
1068 4190 1091 4249 si
1109 4190 1210 4250 dixerit

150 4287 200 4362 qui
213 4289 303 4360 pulsat
324 4288 400 4360 quod
413 4295 618 4360 sagramentum
628 4293 739 4360 ruptum
754 4286 853 4356 fuissit,
870 4281 982 4360 preveat
1003 4296 1209 4361 sagramentum

151 4385 201 4459 qul
212 4393 305 4457 negat,
318 4385 339 4444 sl
352 4402 433 4442 ausus
441 4387 534 4456 fuerit,
547 4386 612 4461 quia
624 4401 715 4460 neque
725 4384 795 4458 patri
807 4401 897 4458 neque
909 4385 997 4464 ipsius
1005 4394 1209 4460 armamentum

150 4490 248 4555 ruptus
272 4499 331 4540 non
353 4482 459 4540 fuissit:
490 4491 586 4557 postea
609 4483 678 4557 jurit
696 4483 768 4542 sieut
787 4483 1069 4558 supra-constitutum
1091 4493 1141 4547 est.

949 4577 996 4639 μ
