3172 5228
482 552 619 597 nnscrms
642 553 708 602 css.
724 549 838 597 st-nu.
1161 540 1204 600 'l'l

152 702 337 773 venundavit,
369 703 412 760 rol
441 719 491 776 pro
513 703 607 760 deuito
627 719 676 760 suo
698 704 880 763 creditoribus
899 705 957 762 suis
978 707 1097 778 dederit,
1121 716 1202 766 nuta

149 803 262 876 puplico
284 801 437 858 intromissi
458 801 584 862 luerent:
607 818 664 858 non
686 800 962 862 habeantliocuticm
978 806 1130 864 creditores
1145 807 1203 880 ejus

150 919 194 962 ses
214 919 283 976 quas
303 900 377 957 tilius
397 898 572 970 devconjuge
592 915 639 954 sua
662 899 763 956 habere
783 900 912 970 vedetur,
942 903 985 958 vel
1011 905 1087 976 quod
1108 911 1203 977 postca

150 1000 318 1073 conquisivit
335 1003 383 1056 sut
402 996 544 1064 lacorarit,
568 997 749 1067 repetendum
770 1004 818 1053 aut
838 997 1063 1071 distrahendum,
1085 1003 1133 1060 sed
1155 1003 1203 1059 ha·

149 1099 214 1155 beat
234 1097 286 1156 sibi
307 1096 385 1153 filins
400 1095 458 1167 ejus
476 1095 537 1166 jure
559 1093 665 1166 quieto.
703 1094 749 1150 Sic
771 1104 863 1152 tamen
884 1105 914 1157 ut
934 1099 956 1154 si
977 1116 993 1155 a
1018 1101 1203 1158 creditoribus

149 1196 272 1268 pulsatus
286 1195 391 1261 tuerit,
422 1200 533 1266 preveat
553 1199 755 1248 sacramentum
776 1195 852 1265 quod
873 1195 908 1250 de
929 1197 1011 1252 rebus
1032 1197 1133 1268 patris,
1156 1206 1203 1256 aut

147 1292 244 1350 matris
264 1309 346 1359 suae,
376 1291 399 1346 si
421 1291 479 1361 ipsa
505 1289 534 1345 in
556 1289 672 1345 mundio
694 1290 779 1361 patris
799 1291 858 1362 ejus
879 1300 988 1364 mortua
1009 1294 1108 1364 luerit,
1131 1297 1200 1354 nihil

150 1400 216 1465 spot
236 1408 265 1447 se
286 1391 396 1458 habeat,
422 1370 590 1444 nec'olicubi
608 1389 824 1448 conmendassit
842 1396 891 1446 aut
908 1391 1101 1458 abscondissit,
1125 1399 1152 1449 et
1168 1394 1203 1450 sit

149 1489 308 1554 absolutus3
339 1493 368 1543 et
387 1485 410 1543 si
431 1490 531 1558 postea
548 1493 614 1557 aput
634 1503 697 1542 eum
718 1486 861 1548 inventum
883 1488 975 1546 luerit.
989 1489 1024 1544 de
1052 1489 1134 1546 rebus
1148 1507 1203 1564 pa-

60 1657 67 1668 ,
149 1587 245 1655 ternis,
269 1591 410 1657 conponat
429 1584 458 1641 iu
480 1583 609 1654 actogild.

228 1681 291 1758 (V.)
321 1684 385 1742 58.
414 1681 443 1738 Si
464 1681 556 1738 inians
576 1682 642 1738 dum
663 1682 739 1740 intra
760 1690 848 1740 aetate
870 1691 911 1740 est
931 1699 975 1740 res
995 1700 1057 1744 suas
1077 1685 1202 1743 cuicum·

149 1797 204 1855 que
231 1779 389 1838 vindederit
419 1787 465 1836 aut
489 1778 712 1845 infiduciaverit,
731 1827 733 1832 ,
750 1787 778 1836 et
805 1787 900 1855 postea
928 1783 1047 1840 cumin
1079 1784 1202 1856 legitima

150 1885 238 1938 aetate
260 1879 365 1936 venerit
380 1874 533 1934 secundum
546 1876 636 1947 legem
653 1879 785 1934 cartolam
798 1877 885 1950 ipsam
899 1879 1058 1953 inrumpere
1072 1881 1200 1952 voluerit,

149 1983 177 2033 et
196 1977 227 2042 in
248 1975 418 2048 rebus'ipsis
439 1973 570 2030 introire:
600 1991 656 2030 nou
674 1974 778 2049 habeat
800 1977 979 2047 ponteficium
1000 1979 1048 2051 qui
1069 1979 1136 2036 emit
1156 1987 1203 2036 aut

149 2074 322 2144 infiduciarit
341 2074 417 2146 quod
438 2073 555 2128 dederat
574 2072 793 2144 requirendum
823 2073 891 2146 quia
909 2075 1022 2146 quando
1043 2077 1204 2148 conparavit

149 2179 196 2248 aut
216 2172 387 2230 infiduciavit
407 2177 472 2227 tunc
492 2169 588 2237 debuit
607 2170 764 2242 perspicere
786 2171 850 2244 quia
871 2182 940 2244 puer
969 2171 1027 2245 ipse
1046 2171 1120 2231 intra
1142 2181 1203 2232 eta·

149 2279 204 2328 tem
225 2278 300 2341 erat,
330 2276 358 2326 et
378 2275 475 2326 contra
495 2270 587 2338 legem
607 2268 740 2325 iaciebat:
770 2276 798 2324 et
818 2277 929 2342 postaus
949 2270 1128 2328 constitutum
1149 2279 1200 2336 est,

147 2375 179 2426 ut
198 2370 247 2442 qui
267 2369 340 2425 intra
361 2374 461 2423 etatem
482 2366 565 2422 luerit
586 2366 709 2422 menime
723 2365 838 2424 vindere
854 2375 903 2424 aut
919 2367 1081 2426 infiduciare
1102 2369 1200 2442 possit,

148 2469 233 2524 telem
253 2476 363 2524 causam
378 2482 442 2521 eum
458 2464 560 2520 habere
572 2463 697 2521 dicemus
716 2463 765 2547 qui
782 2463 851 2520 emit
870 2470 918 2522 aut
931 2463 1112 2537 infiduciavit,
1135 2463 1203 2541 qua-

148 2565 204 2622 lem
224 2565 262 2621 'et
281 2564 328 2621 ille
351 2563 453 2620 trabere
475 2562 590 2619 sedetur
609 2562 658 2635 qui
683 2561 718 2618 de
739 2575 819 2619 servo
839 2564 886 2618 aut
906 2563 1018 2621 aldione
1043 2582 1135 2627 emere
1155 2574 1203 2624 aut

148 2663 312 2720 infiduciare
332 2662 515 2732 dignoscitur.
908 2701 912 2716 ,

230 2759 303 2834 (Vl.)
328 2760 395 2818 so.
413 2759 456 2815 =Si
477 2759 539 2832 quis
560 2758 709 2829 gastaldius
730 2759 772 2814 vel
793 2765 880 2828 actor,
904 2766 1009 2819 curtem
1028 2761 1135 2833 regiam
1155 2762 1203 2819 lra-

147 2859 217 2916 bens
238 2859 273 2919 ad
293 2857 516 2930 gubernandum,
541 2856 655 2928 err-ipsa
676 2863 751 2912 curte
772 2856 854 2918 elicui
875 2857 936 2914 sine
953 2859 1108 2931 jussionem
1129 2863 1203 2932 regis

148 2973 212 3014 casa
233 2955 377 3018 tributaria
398 2957 441 3012 vel
463 2963 584 3018 terram,
603 2937 723 3024 silvam,
747 2955 828 3024 sitis,
857 2957 900 3012 vel
921 2963 998 3029 prata
1019 2974 1100 3016 ausus
1122 2959 1204 3016 luerit

148 3056 265 3126 donare,
289 3061 336 3112 aut
356 3053 379 3110 si
400 3052 518 3124 amplius
540 3068 622 3124 quam
637 3051 792 3124 jussionem
812 3053 896 3110 luerit
916 3053 982 3110 dare
993 3056 1201 3128 presumpserit,

148 3155 191 3210 rel
213 3153 236 3209 si
257 3151 402 3225 requirere
424 3150 579 3221 neglexerit
598 3149 674 3221 quod
695 3165 746 3221 per
766 3149 889 3210 iraudcm
912 3154 1011 3212 tultum
1031 3160 1086 3210 est:
1109 3154 1203 3213 omnia

146 3251 208 3324 ipse
229 3251 277 3324 qui
309 3252 365 3307 hoc
394 3256 491 3306 contra
509 3247 662 3320 jussionem
682 3247 760 3319 regia
773 3249 871 3306 lacere
892 3266 974 3306 ausus
995 3251 1078 3308 luerit
1106 3252 1134 3307 in
1155 3251 1206 3310 du·

147 3349 225 3406 blum
246 3347 367 3420 aotcgild
388 3354 547 3419 conponat,
570 3346 640 3402 sicut
667 3346 715 3418 qui
739 3346 894 3417 res-regies
914 3347 1032 3413 iuraritc
1054 3356 1081 3405 et
1101 3349 1124 3406 si
1144 3349 1203 3422 ipse

148 3456 230 3505 antea
248 3454 373 3504 mortuus
393 3447 476 3503 luerit
496 3462 579 3518 quam
597 3444 749 3516 lrausipsa
765 3451 906 3517 apparent,
929 3445 1039 3502 heredis
1058 3446 1122 3520 ejus.
1136 3464 1204 3504 eon·

148 3553 255 3620 ponant
275 3547 346 3603 sicut
367 3561 449 3618 sopra
460 3544 579 3614 legitur.
602 3543 670 3599 Nam
691 3541 714 3598 si
735 3557 786 3614 per
804 3548 927 3600 actorem
942 3543 1015 3600 lraus
1028 3544 1099 3601 facta
1110 3544 1202 3624 luerit,

147 3651 176 3700 et
203 3651 285 3700 antea
312 3659 395 3715 quom
423 3643 459 3698 ad
487 3649 610 3698 nostram
635 3640 777 3713 perveniat
807 3641 941 3698 noditiam
973 3641 1046 3698 fraus
1074 3643 1204 3715 ipseper

148 3741 313 3809 gastaldium
324 3741 465 3796 inventam
478 3739 570 3807 luerit,
593 3739 693 3795 habeat
716 3738 775 3811 ipse
793 3738 942 3811 gastaldius
963 3741 998 3794 de
1009 3740 1202 3812 conpositione

149 3853 233 3909 quam
253 3846 331 3895 actor
351 3853 513 3910 conponere
534 3836 609 3893 derit
628 3843 734 3910 partem
756 3838 879 3903 tertiam,
903 3843 931 3893 ct
951 3837 1018 3894 duas
1040 3843 1128 3909 partes
1148 3838 1205 3894 sint

148 3935 178 3991 i'n
201 3935 285 3992 curtis
307 3935 391 4007 regia.
433 3935 469 3991 Et
489 3935 512 3990 si
533 3951 584 4007 per
604 3935 800 4007 qualicumque
821 3935 965 3992 hominem
986 3935 1062 4007 prius
1090 3936 1125 3996 td
1153 3952 1203 3993 no-

149 4041 233 4090 stram
254 4032 412 4107 pervenerit
433 4032 577 4102 notitiam,
602 4049 685 4104 quam
707 4049 756 4106 per
777 4029 909 4103 gastaldio
932 4032 1042 4088 inventa
1064 4034 1115 4100 sit,
1139 4042 1204 4090 tuuc

149 4131 307 4203 conpositio
338 4131 397 4203 ipsa
427 4132 457 4186 in
490 4132 628 4201 integrum
661 4129 742 4187 nobis
772 4137 800 4186 et
830 4131 900 4186 curti
929 4137 1023 4186 nostre
1052 4138 1203 4202 perteneat.

61 4207 63 4220 Ι
150 4229 233 4298 Quod
254 4230 276 4285 si
295 4229 382 4301 judex
402 4238 449 4284 aut
470 4236 546 4285 actor
567 4227 731 4284 rellreredis
743 4243 838 4283 eorum
856 4227 955 4299 pulsati
972 4245 987 4283 a
1003 4229 1084 4284 nobis
1101 4228 1204 4286 luerint

149 4328 223 4400 quod
248 4328 404 4397 neglectum
425 4326 548 4383 lecissint
568 4328 602 4383 ad
624 4326 810 4398 exquirendas
831 4342 874 4382 res
896 4332 1018 4395 nostrus,
1043 4334 1071 4383 ct
1090 4326 1143 4398 ipsi
1162 4327 1204 4382 di·

149 4433 247 4481 xerant
277 4425 354 4497 quod
379 4424 468 4497 ipsum
496 4427 620 4484 fraudem
642 4425 796 4482 nescissent
814 4431 846 4482 et
867 4425 973 4480 nullum
995 4423 1142 4482 neclictum
1163 4424 1203 4482 lc·

149 4521 268 4592 cissent,
295 4529 428 4595 pressant
447 4523 477 4580 in
499 4523 547 4581 tuli
569 4524 668 4582 ordine
689 4528 908 4594 sacromentum,
938 4528 966 4581 et
993 4522 1106 4594 dicunt,
1138 4521 1204 4596 quia
1290 4553 1291 4558 κ
