3172 5228
390 511 433 576 92
591 505 597 520 ‘
776 531 961 576 nrurrnnrm
984 528 1074 576 nuere

389 689 439 750 est,
463 681 669 738 inadulterium
691 681 775 750 cadit,
798 688 898 762 et3nec
914 681 1050 740 monacha
1067 697 1127 740 esee
1148 681 1355 738 invenitur-nec
1368 656 1441 750 laiga

389 797 449 836 esse
470 787 569 852 potest.
611 779 648 834 Et
675 779 697 834 si
726 780 796 857 alter
822 779 1003 852 quiscumque
1032 779 1114 836 humo
1142 780 1169 834 in
1200 780 1277 852 cujus
1297 779 1466 835 mundium.

391 895 448 933 nen
470 884 510 932 est
530 877 585 933 hoc
606 877 695 932 iacere
716 877 905 949 presumserit,
930 884 1071 950 conponat
1092 877 1229 947 widrigild
1250 893 1328 933 suum
1350 878 1377 932 in
1400 893 1443 932 sa-

390 992 440 1045 gro
466 974 596 1046 palatium
626 980 653 1030 et
685 974 743 1046 ipsa
773 991 835 1031 cum
862 977 943 1032 rebus
972 976 1027 1032 suis
1048 977 1083 1032 sit
1113 976 1141 1031 in
1169 982 1333 1048 potestatem
1361 991 1443 1033 mun·

390 1073 484 1130 dcaldi
505 1072 556 1129 sui.

471 1170 550 1244 (Vl.)
572 1172 654 1228 101.
677 1169 782 1242 Siqua
804 1171 903 1226 mulier
921 1171 1068 1240 religionis
1085 1171 1209 1227 velamen
1231 1169 1326 1226 induta
1348 1169 1440 1233 luerit,

390 1271 431 1326 rel
464 1269 607 1324 observata
639 1267 733 1324 omnia
755 1269 874 1340 qualiter
904 1269 932 1323 in
962 1269 1104 1339 superiore
1126 1267 1358 1340 capitulcyaddra
1378 1273 1445 1322 sunt

389 1369 417 1424 in
436 1367 604 1424 monasterio
626 1365 728 1422 intrare
745 1365 877 1422 vuluerit:
901 1365 923 1420 si
945 1366 1018 1422 filius
1040 1373 1086 1421 aut
1106 1364 1354 1422 filias’habueritin
1373 1381 1445 1438 quc·

390 1483 450 1524 rum
473 1464 617 1521 mundium
639 1480 699 1518 esse
720 1464 890 1528 inveniatur,
920 1480 982 1519 cum
1010 1463 1119 1520 tertiam
1146 1463 1302 1534 portionem
1324 1463 1358 1518 de
1380 1479 1445 1535 pro-

389 1563 456 1637 priis
486 1563 567 1617 rebus
595 1561 651 1616 suis
680 1561 757 1616 inlrit
790 1561 818 1617 in
851 1562 1130 1630 monasterium,‘et
1162 1571 1225 1634 post
1252 1561 1355 1617 ovltum
1385 1560 1444 1632 ejus

388 1667 530 1718 remaneat
559 1659 588 1714 in
620 1658 682 1729 ipso
719 1659 919 1717 monasterium
949 1659 994 1714 ubi
1026 1659 1085 1732 ipsa
1121 1659 1279 1724 intraverim
1317 1658 1340 1714 si
1375 1674 1441 1712 reru

389 1760 462 1814 lilius
483 1765 530 1812 θυι
555 1757 625 1812 filias
657 1773 713 1811 non
742 1755 886 1825 habu'erit,
916 1773 979 1814 cum
1006 1737 1184 1813 medietatem
1212 1757 1245 1812 de
1272 1757 1355 1812 rebus
1385 1755 1443 1810 suis

387 1856 416 1912 in
445 1854 613 1911 munasterio
641 1854 746 1910 intrare
775 1856 877 1926 possit,
909 1855 931 1910 si
958 1855 1092 1923 voluerit,
1118 1838 1147 1910 et
1173 1862 1235 1927 post
1260 1854 1318 1926 ejus
1346 1856 1443 1910 deces-

388 1970 448 2010 sum
469 1959 580 2008 maneat
599 1953 688 2024 ipsam
708 1937 843 2008 medietas
870 1955 898 2008 in
921 1960 1087 2025 potestatem
1108 1952 1281 2009 monasterii.
1324 1953 1393 2012 Nam
1420 1951 1445 2006 si

386 2053 415 2108 in
437 2053 550 2108 domum
567 2051 759 2123 permanserit,
784 2059 949 2124 potestatem
964 2051 1064 2107 habeat
1085 2052 1119 2105 de
1140 2052 1222 2106 rebus
1244 2051 1301 2106 suis
1318 2049 1445 2123 judicare

387 2165 437 2222 pro
459 2150 579 2206 animam
601 2166 695 2218 suam,
726 2155 773 2204 θυι
793 2149 835 2204 cui
864 2147 999 2211 voluerit,
1032 2148 1139 2204 tertiam
1168 2149 1342 2230 portionema
1375 2147 1445 2202 dues

386 2263 450 2302 reru
472 2246 610 2319 portionis
633 2246 737 2301 sintin
761 2253 923 2317 potestatem
944 2245 1030 2318 ipsius
1052 2246 1087 2301 ad
1113 2261 1196 2318 quem
1217 2246 1362 2301 mundium
1384 2245 1445 2299 eius

388 2345 516 2416 pertinet.
985 2337 988 2344 ’

465 2441 556 2512 (Vll.)
587 2443 674 2516 ¹0²·
707 2441 736 2496 Si
758 2441 820 2512 quis
846 2440 1045 2510 langobardus
1072 2439 1200 2496 habuerit
1227 2441 1316 2497 filium
1338 2456 1446 2496 mascu-

387 2539 475 2597 linum
497 2541 656 2609 legetimum
678 2556 781 2602 unum,
813 2546 860 2594 θυι
891 2539 946 2594 filla
975 2539 1133 2610 legetimam
1160 2555 1244 2596 unam
1271 2546 1318 2595 aut
1338 2540 1442 2612 plures,

388 2645 425 2705 et,
448 2643 528 2692 antea
551 2653 634 2708 quam
655 2652 700 2692 eas
722 2637 756 2691 ad
778 2637 906 2693 maritum
927 2637 1025 2705 tradat,
1049 2637 1083 2692 ad
1105 2644 1225 2692 mertem
1247 2638 1368 2704 venerit,
1393 2653 1446 2708 po-

388 2741 513 2790 testatem
534 2733 634 2790 habcat
654 2734 689 2789 ad
711 2734 781 2790 filias
801 2751 863 2790 suas
885 2751 934 2806 per
954 2736 1056 2790 cartola
1078 2735 1247 2803 donationis,
1270 2735 1293 2790 si
1314 2734 1444 2802 voluerit,

387 2847 476 2902 usque
498 2831 532 2886 ad
555 2838 681 2902 quartam
701 2833 859 2904 portionem
880 2833 1018 2888 derebus
1039 2831 1095 2887 suis
1113 2831 1252 2904 judicare,
1282 2833 1351 2888 etsi
1370 2831 1446 2903 J'udi-

388 2927 499 2997 caverit,
523 2929 650 2996 stebilem
671 2937 848 3001 permaneat3
879 2932 901 2986 si
923 2947 988 2986 vero
1009 2931 1079 2986 dues
1100 2931 1173 2986 filius
1193 2929 1339 3001 legetimus
1356 2929 1446 2984 habu-

388 3027 451 3092 erit,
475 3035 503 3081 et
523 3027 579 3082 filia
601 3044 654 3084 una
676 3036 722 3084 θυι
744 3030 846 3100 plures,
870 3030 986 3102 septima
1008 3030 1166 3100 portionem
1188 3040 1283 3084 earum
1304 3026 1339 3081 de
1360 3027 1445 3082 rebus

387 3125 445 3181 suis
463 3124 587 3197 judicet,
620 3125 642 3181 si
665 3127 799 3188 voluerim
830 3143 894 3182 nam
916 3128 937 3182 si
959 3142 1023 3182 veru
1046 3127 1163 3198 amplius
1185 3124 1266 3181 luerit
1287 3123 1357 3188 tilii,
1392 3137 1446 3195 per

388 3223 460 3280 hanc
481 3223 618 3279 rationem
639 3230 813 3295 conputetur.
845 3225 873 3280 Si
896 3241 961 3280 vero
983 3231 1060 3296 pater
1081 3224 1217 3280 viventem
1238 3238 1284 3278 eas
1304 3221 1339 3278 ad
1359 3221 1448 3278 mari-

388 3329 446 3377 tum
468 3321 585 3386 dederit,
609 3321 720 3376 ordinet
740 3338 786 3377 eas
803 3321 881 3395 juxta
902 3323 992 3392 legem
1013 3321 1132 3393 qualiter
1151 3320 1278 3381 vuluerit.
1562 3365 1563 3376 ,

404 3439 406 3444 ’
470 3416 569 3491 (ΠΗ.)
599 3421 685 3478 lou.
706 3420 779 3476 Nulli
801 3420 836 3475 sit
855 3420 996 3476 licentiam
1018 3418 1128 3491 conjugi
1150 3435 1215 3474 suae
1236 3419 1271 3475 de
1289 3418 1371 3474 rebus
1385 3417 1446 3473 suis
1481 3412 1483 3416 ’
1562 3474 1563 3492 ¹

388 3515 506 3588 amplius
527 3516 592 3572 dare
613 3532 664 3588 per
684 3518 912 3589 qualemcumque
934 3514 1068 3586 ingenio,
1100 3516 1151 3571 nisi
1174 3517 1249 3588 qucd
1270 3515 1295 3571 ei
1316 3516 1345 3570 in
1367 3514 1445 3570 diem

389 3618 515 3668 votorum
536 3613 564 3668 in
586 3598 691 3685 mepfio'
711 3622 738 3669 et
758 3614 919 3686 morgincap
948 3613 1074 3681 dederit,
1107 3615 1259 3670 secundum
1281 3611 1446 3669 anteriorim

389 3709 479 3766 Ed'icti
501 3711 617 3782 pagium
640 3719 668 3768 et
689 3712 765 3784 qucd
785 3727 870 3784 super
890 3711 1007 3781 dederit,
1032 3729 1089 3767 non
1111 3711 1145 3767 sit
1165 3712 1300 3770 stabilem.

737 3825 865 3884 urirmmr
888 3845 923 3883 mr
945 3843 1018 3884 eursu
1038 3844 1095 3885 xrr.

513 3995 516 4001 ’
618 4027 800 4096 υιυυυυυυΙ
816 4029 911 4081 nuuc
925 4015 1219 4082 snrmncnummc.
1285 4039 1287 4043 ’

615 4150 747 4219 (Kalendis
772 4157 884 4212 mertile,
916 4168 983 4204 euno
1008 4152 1222 4221 ucexxvnn.)

682 4277 875 4340 VOLUMEN
898 4278 1139 4344 UNDECIMUM.

436 4428 441 4432 ’
473 4420 578 4480 Vicibus
593 4423 654 4493 jam
674 4424 761 4477 decem
780 4423 811 4475 in
823 4424 961 4477 columina
981 4425 1011 4477 tn
1031 4426 1143 4492 antiquo
1157 4421 1250 4477 Edictt
1266 4439 1375 4494 corpure
1395 4424 1445 4477 itta

392 4521 498 4575 udicare
517 4521 679 4588 curavimus,
702 4535 753 4590 quc
772 4517 829 4574 Dec
838 4520 941 4591 placitu
961 4526 984 4574 ct
1004 4521 1078 4590 penti
1096 4526 1186 4576 nostre
1206 4521 1369 4590 cupediuiltc
1389 4535 1445 4575 cere
