3198 5222
289 522 541 600 .'16.

407 731 538 792 quarum
563 709 668 792 viginti
693 708 792 789 capita
817 705 902 792 (uenti
926 711 989 789 capt
1008 710 1038 770 di
1059 710 1192 786 numme,
1220 708 1262 770 uti
1288 716 1318 770 et
1342 705 1412 791 nos)

407 825 565 886 solvantur
588 822 684 886 altera
707 841 764 902 pro
788 821 893 885 alteris
917 822 956 921 ad
980 821 1160 886 tremissem.

494 934 665 997 armaturae
696 955 760 1004 cero
790 945 817 996 et
844 936 1001 996 brucbr'alan
1033 937 1157 1014 quinque
1181 943 1328 1013 ponantur
1358 953 1415 1016 pro

407 1071 464 1110 ana
492 1051 623 1110 manto.
653 1047 828 1111 Idiotismos
862 1048 900 1110 ab
937 1047 1054 1129 optima
1085 1066 1162 1108 voce
1192 1057 1411 1119 ornamentum,

408 1179 488 1244 quae
512 1160 596 1222 bisce
619 1160 652 1222 in
675 1160 826 1224 adiunctis
848 1149 933 1222 idem
957 1159 1069 1222 refert:
1099 1160 1144 1222 sic
1177 1159 1259 1241 apud
1283 1158 1415 1220 Plinium

406 1270 516 1357 (XVII.
543 1274 600 1352 35)
624 1272 755 1355 legimus
778 1275 926 1334 tinearum
947 1282 1126 1333 arctamenta
1154 1291 1211 1353 pro
1240 1269 1320 1353 palis
1345 1271 1413 1352 qui·

408 1386 463 1447 bus
486 1384 653 1448 firlciuntur
676 1385 762 1450 vites.
815 1385 1000 1446 Bracltiotnrn
1026 1384 1077 1446 bic
1101 1393 1148 1446 est
1170 1403 1228 1465 pro
1252 1382 1410 1464 capreolo,

407 1497 500 1580 vulgo
527 1508 652 1559 cortrone
682 1498 732 1560 vel
754 1515 855 1571 ranzo,
896 1497 1071 1580 legiturque
1106 1497 1190 1578 apud
1221 1495 1415 1578 Ducangium

408 1611 541 1674 adducto
569 1611 638 1673 laco
666 1609 830 1672 Rolandini
863 1609 1011 1675 Patavini.
1061 1608 1302 1691 Intelligendum
1341 1625 1416 1668 vero

393 1731 468 1798 est,
508 1723 539 1784 in
571 1722 679 1806 quovis
710 1730 902 1786 armamento
935 1741 1031 1784 unum
1060 1730 1227 1785 transtrum
1260 1716 1414 1802 (narnien)

413 1835 595 1918 aequiprare
618 1834 751 1915 pretium
775 1833 913 1916 reliquae
941 1834 1171 1900 materiationis.

604 2183 661 2251 lll.
696 2183 745 2250 De
772 2206 931 2251 annonam
958 2185 1196 2252 camerinorum.

497 2395 600 2461 CLIX.
650 2395 742 2456 Tallot
775 2398 907 2475 mapertri
941 2416 1086 2457 annonam
1111 2417 1163 2476 per
1195 2399 1321 2458 treniaco
1356 2416 1414 2455 uno

408 2511 503 2586 arpalo
523 2511 619 2570 modia
638 2510 707 2581 tria,
733 2509 814 2569 lardo
837 2510 1050 2582 librardecem,
1075 2511 1140 2568 aino
1163 2527 1239 2569 arna
1261 2529 1340 2588 aaa,
1375 2510 1413 2567 le-

409 2641 511 2697 pumen
532 2623 660 2682 tentoria
684 2630 830 2699 praebeor,
848 2621 910 2682 'tate
932 2624 1060 2682 tentorio
1080 2641 1149 2694 ano,
1175 2631 1200 2682 et
1222 2624 1254 2684 in
1276 2624 1415 2682 nwraedes

410 2753 476 2793 suas
497 2743 612 2812 repetet.
659 2732 812 2795 Particula
835 2733 919 2794 nulla
944 2733 1154 2815 explicatione
1178 2739 1284 2815 egeris.

777 3070 830 3137 rv.
867 3069 915 3135 ne
945 3069 1059 3159 opera.

500 3287 589 3349 CLX.
636 3287 754 3350 Titulus
776 3290 820 3349 De
841 3308 927 3368 opero
949 3287 1131 3353 referendus
1160 3299 1207 3355 est
1229 3291 1269 3353 ad
1293 3309 1415 3353 omnem

414 3399 485 3464 tecti
509 3399 774 3468 materiatinnem,
809 3401 853 3462 uti
881 3421 920 3464 ex
944 3402 1036 3464 rebus
1059 3401 1187 3465 inferius
1210 3401 1417 3484 producendis

412 3511 561 3592 liquebit:
597 3511 671 3574 tanti
701 3513 782 3573 enirn
813 3513 928 3596 negotii
951 3533 991 3576 ne
1014 3515 1143 3576 verbum
1167 3514 1293 3596 quidem
1316 3513 1349 3574 in
1369 3515 1416 3576 le-

413 3623 501 3705 gibus
534 3623 662 3697 no'stris‚
694 3631 725 3685 et
755 3644 816 3686 uno
844 3624 903 3686 hnc
933 3626 1024 3688 modo
1053 3625 1107 3688 lux
1139 3628 1292 3708 quaedam
1316 3634 1418 3708 polest

413 3735 594 3798 illucescere
617 3736 737 3817 primae
759 3734 850 3798 huius
875 3736 1000 3818 capituli
1024 3738 1203 3819 particulae.

502 3848 637 3909 Similiter
658 3867 822 3910 romanorun
844 3849 869 3910 sr'
889 3851 1001 3927 sacerd,
1029 3853 1069 3911 sic
1090 3861 1198 3930 repetet
1212 3851 1293 3918 ¹siant
1314 3851 1417 3929 pallito

414 3981 516 4041 opera,
546 3962 620 4022 mille
642 3962 807 4040 quingentos
824 3963 962 4040 peder'r'n
983 3964 1087 4024 solidor
1109 3981 1175 4028 anta.
1223 3961 1416 4025 Vocabulum

412 4092 577 4134 romanense
600 4073 785 4136 adiectivum
809 4080 856 4135 est
878 4075 954 4146 tecti,
980 4073 1278 4156 intelligendumque
1303 4081 1418 4136 tectum

416 4204 542 4248 romano
576 4205 660 4247 more
690 4193 836 4248 structum
873 4184 1005 4269 (scilicet
1036 4205 1075 4248 ex
1107 4185 1219 4268 tegulis
1256 4185 1357 4267 planis
1389 4191 1419 4246 et

314 4325 317 4333 Α
415 4298 575 4372 testaceis,
606 4318 662 4379 pro
694 4297 875 4360 nostratium
905 4297 1031 4380 antiqua
1062 4283 1096 4360 el
1114 4297 1265 4360 hodierna
1289 4317 1418 4360 consue-
