3172 5228
369 454 413 532 68
751 475 936 520 ereremum!
959 477 1050 522 neers

448 624 511 702 (V.)
543 628 605 684 88.
646 625 677 684 si
702 625 764 698 quis
791 643 900 684 servum
924 633 971 696 aut
998 625 1127 683 ancillam
1153 641 1231 704 suam
1256 625 1285 683 in
1307 623 1423 683 ecclesia

367 725 440 787 circa
461 727 545 782 altare
567 725 668 782 amodo
690 725 808 784 liberum
829 727 872 781 vel
893 725 1010 784 liberam
1032 725 1183 796 dimiserit,
1206 725 1246 782 sic
1266 725 1291 780 ei
1311 730 1425 780 maneat

339 807 341 816 ’
368 825 493 891 libertas,
515 825 586 881 sicut
605 824 646 881 illi
668 824 715 897 qui
737 824 846 880 lullreal
867 824 897 880 in
912 830 1008 897 quarta
1028 839 1126 880 manus
1144 823 1259 880 traditus
1277 830 1305 880 et
1319 823 1423 880 emund

367 924 454 986 lactus
475 934 526 988 est.
557 925 627 986 Nam
649 923 700 996 qui
718 924 830 981 aldione
853 923 942 980 lacere
964 914 1098 990 voluerit,
1130 939 1186 978 non
1208 938 1272 979 cum
1292 924 1423 982 ducatio

368 1027 495 1096 ecclesia,
517 1025 569 1082 nisi
592 1024 647 1080 alio
669 1023 753 1083 modo
776 1022 862 1094 iaciat
878 1021 997 1096 qualiter
1016 1021 1146 1096 voluerit,
1169 1021 1223 1077 sibi
1243 1037 1293 1093 per
1306 1021 1420 1090 cartola,

367 1124 419 1182 sihi
441 1123 559 1197 qualiter
580 1122 605 1180 ei
626 1121 769 1194 placuerit.
995 1183 1000 1190 ι

376 1277 379 1284 ,
446 1219 518 1296 (Π.)
539 1223 600 1277 24.
624 1219 653 1276 Si
675 1219 776 1275 mulier
795 1217 884 1274 libera
905 1205 1013 1274 serrum
1035 1215 1143 1284 tulerit,
1156 1224 1194 1272 et
1214 1223 1341 1282 parentes
1362 1215 1424 1288 ejus

366 1321 438 1377 intra
459 1319 526 1383 anni
539 1317 659 1390 spatium
668 1315 698 1372 in
712 1333 745 1376 ea
760 1314 882 1374 vindicta
901 1315 967 1370 dare
984 1313 1138 1384 neglexerit
1151 1313 1222 1370 sicut
1241 1314 1270 1369 in
1282 1313 1423 1370 antenore

365 1418 465 1476 Edicto
486 1415 627 1479 contenit,
659 1420 744 1482 tunc,
767 1413 1002 1486 quandocumque
1023 1419 1087 1484 pest
1101 1415 1197 1484 ipsum
1216 1411 1283 1468 anni
1304 1410 1424 1484 spatium

366 1515 479 1572 inventa
500 1513 592 1582 luerit,
615 1512 651 1568 sit
670 1511 771 1568 aneilla
792 1509 898 1582 palatii,
921 1510 1027 1582 etipse
1048 1526 1141 1566 servus
1163 1510 1198 1572 ad
1218 1509 1359 1582 puplicum
1378 1525 1424 1564 re-

366 1616 506 1687 plecetur,
539 1617 566 1667 et
595 1609 645 1668 filii
675 1609 723 1682 qui
750 1626 785 1665 ex
810 1609 849 1664 eis
871 1609 929 1665 nati
958 1607 1067 1664 luerent
1087 1608 1285 1680 curtis-,regiae
1306 1607 1422 1672 omnino

366 1711 532 1768 deserviant.
573 1708 645 1764 Nam
672 1707 695 1764 si
721 1706 845 1780 parentis
874 1705 959 1778 ipsius
976 1705 1111 1762 ‚mulieris
1140 1707 1181 1762 vel
1202 1706 1331 1765 domiuus
1351 1705 1422 1762 servi

365 1808 564 1880 conplevereot
594 1806 666 1861 intra
696 1803 914 1877 suprascriptum
949 1803 1016 1860 anni
1046 1803 1165 1876 spatium
1195 1805 1271 1877 qood
1300 1803 1423 1862 anterior

366 1906 479 1964 Edictus
500 1901 635 1970 contenit,
659 1902 698 1961 sic
719 1907 889 1973 permaneat.

316 2029 317 2032 ¹
373 2057 374 2062 ,
442 2001 535 2076 (ΠΙ.)
557 2000 620 2058 25.
642 1999 671 2056 Si
693 1999 756 2072 quis
776 2016 888 2058 causam
909 1999 1051 2068 habuerit,
1076 2006 1104 2054 et
1124 1999 1264 2060 sculdahis
1285 2015 1335 2056 suo
1356 2015 1422 2055 cau-

364 2117 422 2158 sam
444 2117 521 2156 suam
542 2097 656 2166 dixerit,
690 2104 717 2153 ct
737 2097 796 2169 ipse
818 2097 957 2152 sculdahis
979 2095 1005 2152 ei
1029 2096 1164 2168 justitiam
1193 2097 1266 2154 intra
1293 2103 1424 2170 quattuor

364 2197 424 2254 dies
443 2198 533 2254 iacere
556 2195 720 2272 neclexerit,
748 2195 769 2250 si
792 2196 875 2251 ambo
897 2200 1053 2256 causatores
1075 2195 1180 2250 desub
1202 2195 1263 2267 ipso
1282 2195 1423 2251 sculdahis

363 2301 438 2362 sunt,
462 2303 528 2352 tunc
548 2277 690 2365 conponat
710 2292 735 2349 ei
758 2294 806 2364 qui
827 2309 938 2348 causam
959 2293 1216 2352 s'uamreclamavil
1235 2293 1294 2365 ipse
1315 2293 1424 2349 sculda—

363 2394 406 2450 his
427 2394 531 2449 solidos
553 2403 758 2455 numero'sex,
790 2397 817 2444 et
835 2390 922 2462 judici
945 2407 995 2446 suo
1017 2389 1144 2446 similiter
1163 2390 1268 2446 solidos
1289 2407 1345 2449 sex.
1385 2390 1424 2446 Et

363 2491 386 2556 si
421 2490 535 2546 forsitan
566 2489 617 2544 ille'
641 2504 724 2559 super
751 2504 835 2560 quem
864 2488 1183 2568 reclamavitiniirmus
1211 2495 1266 2557 est,
1296 2493 1343 2544 aut
1372 2503 1424 2560 pro

361 2581 509 2645 utilitatem
530 2602 608 2642 suam
629 2585 659 2641 in
681 2585 734 2641 alia
749 2585 887 2641 civitatem
905 2603 964 2642 esse
982 2568 1115 2655 nuscitur,
1139 2587 1334 2659 expectiteum
1355 2586 1423 2641 dum

362 2671 508 2764 revertitur
535 2689 582 2740 aut
612 2683 647 2739 de
675 2682 835 2740 infirmitate
858 2699 906 2740 sua
932 2684 1114 2749 convaliscit;
1146 2689 1174 2740 et
1195 2685 1261 2740 dum
1281 2699 1424 2754 regressus

362 2783 446 2840 luerit
464 2789 513 2839 aut
536 2783 570 2838 de
591 2780 752 2837 infirmitate
783 2781 970 2850 convaluerit,
1003 2781 1025 2837 si
1052 2782 1125 2838 intra
1152 2788 1267 2839 statutos
1294 2783 1425 2855 quattuor

362 2882 421 2938 dies
443 2881 564 2938 menime
586 2896 649 2936 eum
671 2879 705 2934 ad
730 2878 864 2950 justitiam
885 2868 1043 2948 laciendum
1067 2879 1257 2950 distrinxerit,
1281 2885 1425 2953 conponat

361 2980 421 3052 ipse
443 2977 593 3046 sculdahis,
616 2977 762 3048 sicotJ'am
783 2975 960 3043 dictumest,
984 2979 1061 3050 cujus
1083 2994 1163 3034 causa
1185 2983 1226 3034 cst
1245 2977 1350 3034 solidos
1370 2993 1425 3031 nu—

361 3093 525 3144 merosex,
558 3081 586 3132 et
603 3073 690 3147 judici
712 3090 763 3135 suo
785 3074 890 3134 solidos
911 3092 967 3138 sex.
1000 3076 1029 3132 Si
1057 3092 1122 3132 vero
1145 3076 1206 3132 talis
1227 3091 1306 3132 causa
1328 3069 1422 3144 suerit,

361 3176 437 3247 quod
452 3172 677 3246 ipsesculdaluis
689 3172 844 3228 deliberare
861 3175 982 3230 menime
1003 3173 1100 3246 possit,
1125 3173 1232 3244 diregat
1249 3173 1344 3236 ambas
1360 3188 1425 3244 par·

361 3279 404 3329 tes.
422 3273 456 3329 ad
475 3271 598 3343 judicem
620 3286 717 3336 suum;
740 3275 768 3326 et
788 3269 810 3326 si
829 3270 914 3342 J'udex
935 3272 994 3344 ejus
1015 3287 1125 3328 causam
1146 3271 1234 3343 ipsam
1255 3267 1421 3336 dilataverit,

360 3376 388 3426 et
408 3369 480 3427 intra
501 3385 549 3424 sex
570 3367 631 3424 dies
651 3367 725 3424 inter
745 3383 793 3424 eos
814 3383 864 3440 per
885 3370 976 3440 legem
998 3384 1054 3425 uon
1073 3369 1256 3442 judicaverit,
1279 3371 1425 3438 conponat

360 3467 401 3523 illi
418 3466 477 3539 qui
506 3465 665 3522 reclamavit
694 3464 800 3522 solidos
821 3483 938 3528 numero
960 3467 1117 3525 duodicem.
1159 3468 1194 3522 Et
1221 3465 1243 3522 si
1265 3465 1424 3538 necjudex

358 3563 418 3635 ip'se
439 3563 593 3620 deliberare
614 3579 673 3618 non
694 3563 831 3635 potuerit,
853 3565 962 3635 diregat
982 3565 1054 3620 intra
1076 3563 1224 3621 duodicem
1245 3563 1305 3619 dics
1326 3563 1423 3618 ambas

359 3667 456 3732 partes
472 3662 499 3718 in
514 3661 655 3735 presentia
676 3661 769 3731 regis3
792 3678 858 3718 nam
875 3663 897 3720 si
915 3662 1107 3734 aliterlecerit
1118 3663 1176 3735 ipse
1191 3660 1287 3734 iudex,
1311 3660 1426 3721 etintra

358 3757 508 3816 duodicem
528 3760 598 3828 dies,
623 3767 660 3814 ut·
677 3760 783 3815 dictum
804 3766 860 3828 est,
889 3761 1025 3833 justitiam
1048 3777 1104 3816 noo
1127 3759 1265 3816 invenerit
1286 3759 1423 3832 quopro-

358 3858 504 3926 clamavit,
536 3865 602 3914 tunc
631 3864 773 3930 conponat
801 3858 827 3914 ei
857 3858 916 3932 ipse
941 3861 1026 3932 judex
1056 3860 1159 3916 solidos
1181 3874 1298 3920 numero
1319 3874 1369 3928 ιιι,
1392 3863 1423 3912 et
1454 3845 1456 3849 ¹

308 4017 311 4028 ¹
357 3956 416 4026 regi
438 3955 473 4012 sit
494 3955 643 4030 culpavelis
664 3955 770 4012 solidos
790 3973 836 4020 xx.
941 3997 943 4002 .
1072 4021 1077 4032 x
1145 4009 1147 4018 ,

437 4050 542 4126 (VIII.)
561 4055 626 4112 ee.
659 4053 688 4108 Si
710 4052 839 4110 homenis
856 4053 895 4112 ,de
916 4055 967 4110 suh
990 4071 1046 4110 uno
1065 4054 1170 4126 iudice,
1193 4053 1229 4110 de
1250 4053 1358 4117 duobus
1380 4057 1423 4108 ta·

357 4163 421 4206 men
444 4151 594 4214 sculdahis,
618 4167 728 4208 causam
750 4151 888 4220 hahuerit,
912 4152 959 4208 ille
981 4152 1027 4224 qui
1046 4152 1236 4224 pulsatvadat
1257 4167 1318 4210 cum
1333 4148 1420 4206 misso

355 4254 401 4306 aut
431 4247 547 4321 epistola
579 4250 614 4304 de
645 4265 695 4308 suo
717 4248 857 4308 sculdahis
885 4250 920 4306 ad
941 4250 1021 4307 illum
1043 4250 1129 4306 alium
1149 4247 1288 4306 sculdahis
1309 4248 1346 4304 de
1366 4247 1420 4303 sub

356 4359 440 4416 qoem
460 4346 520 4419 ipse
542 4353 583 4402 est
603 4363 665 4402 cum
687 4362 742 4418 quo
764 4362 874 4405 eausam
895 4348 991 4414 nabin
1024 4355 1051 4402 et
1071 4347 1097 4404 si
1114 4349 1186 4404 intra
1208 4350 1338 4419 quattuor
1358 4345 1420 4401 dies

355 4443 477 4500 menime
494 4444 628 4516 jmdliam
650 4444 756 4511 lecerit,
779 4453 921 4518 conponat
940 4446 1000 4517 ipse
1021 4445 1160 4504 sculdahis
1181 4445 1229 4518 qui
1251 4443 1419 4514 distringere
