3172 5228
477 447 614 498 Eutovuu
634 433 829 492 comit-'ut
1147 433 1191 494 65

142 601 257 668 excepto
278 594 303 676 si
323 595 349 651 ei
364 595 505 668 captivitas
526 598 659 657 evenerit.
681 599 722 655 De
744 597 920 656 cautionibus
941 605 1034 655 autem
1053 615 1125 672 quae
1146 617 1192 662 ut·

141 683 209 764 que'
222 693 307 750 modo
336 694 365 766 iq
388 701 516 768 presente
536 695 693 753 indictione
714 697 793 764 tertia
814 696 884 752 lacta
905 699 986 767 suut,
1017 699 1089 754 intra
1110 702 1192 773 quin-

142 806 196 864 que
211 808 299 848 annos
316 791 383 847 istos
398 792 577 850 advenientes
592 793 719 866 jovemus
734 801 765 850 ut
781 795 947 850 renobintur
960 803 1008 852 aut
1021 806 1190 867 exegantur;

142 906 204 946 nam
227 889 249 945 si
271 890 435 946 distulerant
460 892 532 948 intra
562 892 689 966 quinque
710 909 799 950 annos
826 893 964 948 devitores
984 910 1048 950 suos
1068 897 1188 968 pulsare,

141 995 172 1042 ut
191 994 239 1044 aut
260 988 403 1044 cautiones
430 981 593 1045 renovintur
620 997 668 1046 aut
695 990 785 1046 devita
806 991 940 1056 reddant,
972 999 999 1046 et
1020 994 1192 1064 neclegentia

141 1085 273 1154 iecerint,
297 1102 354 1140 non
376 1086 496 1141 habeant
516 1087 683 1160 posmodum
704 1088 836 1157 lagundia
856 1087 915 1159 ipsa
936 1089 1026 1146 devita
1047 1091 1193 1162 requiren-

139 1183 215 1240 dum.
256 1183 298 1238 Ile
319 1183 362 1240 his
383 1191 477 1240 autem
497 1185 675 1242 cautionibus
697 1202 769 1257 quae
791 1186 892 1240 amodo
914 1185 985 1242 lacte
1007 1187 1130 1253 luerint,
1153 1189 1192 1245 sic
1286 1224 1291 1232 ι

140 1281 249 1350 finiant,
272 1279 345 1336 sicut
364 1296 447 1353 supra
468 1282 650 1354 premisemus
671 1289 699 1338 et
719 1283 873 1339 statuimus.
1032 1279 1035 1284 ’

219 1378 299 1452 (ΙΙΙ.)
320 1381 374 1437 Η.
396 1379 426 1434 Si
444 1378 527 1434 irater
542 1381 655 1436 fratrem
676 1380 838 1452 inpeccatis
856 1380 998 1450 occiderit,
1022 1397 1193 1456 quamquam

138 1477 191 1536 hoc
211 1478 334 1534 anterior
354 1476 469 1532 Edictus
490 1476 633 1545 contenit,
670 1485 700 1532 ut
726 1476 853 1549 proxemi
881 1485 1010 1550 parentes
1035 1479 1191 1538 homicidae

139 1576 305 1644 succedant,
335 1591 387 1630 nos
407 1574 549 1646 proximos
571 1573 667 1631 tratres
694 1577 875 1648 appellamus.
918 1574 947 1630 Si
977 1576 1061 1633 irater
1080 1579 1191 1636 relictus

139 1673 232 1743 luerit,
255 1673 284 1729 in
306 1689 349 1728 res
370 1671 530 1730 homicidae
551 1672 635 1728 trater
656 1673 802 1730 succedat:
824 1673 862 1728 ita
885 1680 925 1742 ut,
949 1673 1103 1736 secundum
1125 1693 1193 1749 qna·
1274 1721 1278 1731 .

138 1771 242 1828 litatem
264 1786 393 1843 persone,
417 1770 452 1826 de
472 1770 532 1841 ipsa
551 1770 704 1826 substantia
723 1771 876 1842 bumicide‚
900 1771 921 1826 si
944 1772 991 1828 ille
1012 1774 1061 1846 qui
1085 1774 1192 1832 occisus

139 1877 180 1925 est
201 1869 273 1926 filius
294 1868 447 1940 reliquerit,
471 1867 694 1940 conpositionem
715 1868 780 1925 dare
802 1869 913 1934 deveat;
942 1870 1080 1942 reliquum
1101 1879 1192 1928 autem

138 1967 215 2040 quod
236 1967 327 2033 luerit,
350 1966 403 2022 sibi
425 1967 541 2022 babeat:
570 1966 639 2022 etsi
661 1967 885 2039 pecuniaipsius
906 1967 1062 2032 bumicidae
1083 1969 1111 2024 in
1134 1978 1193 2025 tan-

138 2072 197 2122 tum
218 2065 299 2120 luerit
319 2065 370 2120 sub
391 2065 589 2131 extimatione,
623 2073 757 2137 quantum
788 2066 846 2137 ipsa
874 2064 1029 2137 conpositio
1057 2074 1114 2137 est,
1146 2075 1193 2124 aut

138 2164 209 2220 torte
229 2163 338 2230 minus,
368 2161 489 2219 habeant
510 2179 574 2220 eum
594 2161 645 2218 lilii
666 2163 751 2238 ipsius
773 2163 821 2235 qui
843 2163 949 2219 occisus
971 2169 1021 2222 est.
1065 2165 1147 2234 Quod
1168 2165 1191 2222 si

139 2279 196 2318 non
207 2260 350 2334 reliquerit
370 2261 481 2316 l'ratrem
496 2276 582 2316 unum
603 2261 645 2316 vel
660 2260 753 2331 plures
772 2260 816 2316 bis
837 2260 884 2332 qui
902 2261 1009 2318 occisus
1028 2269 1079 2326 est,
1104 2280 1193 2335 quan-

137 2362 316 2432 tulacumque
337 2357 373 2414 sit
392 2357 544 2414 substantia
564 2357 723 2426 humicide‚
757 2357 808 2416 lilii
836 2357 924 2428 ipsius
951 2357 1000 2429 qui
1023 2360 1130 2416 occisus
1151 2366 1193 2416 est

136 2457 166 2514 in
188 2475 220 2514 ea
233 2457 381 2514 succedere
398 2455 531 2520 deveant;
549 2456 625 2527 quod
641 2455 736 2511 sinon
754 2455 884 2512 habuerit
899 2455 983 2523 filius,
1001 2457 1120 2528 proximi
1130 2474 1193 2515 suc·

137 2555 239 2613 cedant
253 2554 279 2612 ei
294 2559 422 2627 parentes
438 2567 487 2624 per
505 2560 614 2621 gratos;
638 2554 713 2625 quod
728 2553 751 2609 si
766 2555 822 2611 ne'c
833 2560 962 2625 paventes
972 2553 1080 2611 luerent
1096 2556 1142 2629 qui
1165 2557 1191 2614 ei

136 2651 415 2732 legitimesuccedere
424 2656 547 2722 possent,
562 2651 743 2708 succedantei
753 2651 931 2721 curtisregia.
949 2652 988 2706 lle
999 2654 1090 2710 anima
1100 2663 1191 2712 autem

136 2749 276 2806 bumicide
284 2748 358 2805 illius
368 2748 403 2803 sit
411 2747 440 2802 in
450 2754 612 2819 potestatem
620 2748 705 2818 regis,
717 2748 822 2804 sicutin
831 2749 1192 2824 anteriorelldictolegitur.

216 2846 295 2920 (ΗΠ.
316 2845 357 2901 Dc
377 2846 587 2925 negotiatoribau
607 2847 647 2901 vel
660 2845 823 2918 maistres).
845 2849 903 2904 18.
926 2848 955 2903 Si
971 2850 1032 2921 quis
1050 2849 1190 2919 negotium

135 2945 326 3018 peragendum
341 2943 384 2998 vel
393 2958 444 3014 pro
462 2942 659 3014 qualicumque
674 2942 791 2999 artificio
808 2943 879 3000 intra
894 2945 1036 3015 provincia
1053 2948 1095 3002 vel
1115 2954 1191 3001 extra

137 3042 282 3117 provincia
303 3041 493 3108 ambulaverit,
517 3046 544 3094 et
568 3039 598 3095 in
619 3046 674 3096 tres
695 3057 785 3096 annos
805 3056 946 3110 regressus
968 3057 1024 3097 non
1046 3042 1142 3111 luerit,
1165 3050 1192 3098 et

64 3127 68 3132 ⁴
135 3141 251 3198 lorsitan
273 3136 417 3194 infirmitas
437 3135 463 3192 ei
484 3137 637 3201 emerserit,
662 3136 743 3194 iaciat
763 3137 833 3193 scire
854 3155 905 3209 per
917 3137 1051 3210 judicem,
1074 3145 1122 3194 aut
1141 3155 1191 3210 per

137 3238 252 3296 missum
272 3252 368 3300 suum;
391 3233 495 3290 namsi
517 3235 570 3290 boc
587 3234 723 3290 distulerit
736 3235 880 3304 mandare,
903 3235 925 3291 si
947 3236 1020 3292 filius
1034 3236 1188 3308 reliquerit,

136 3337 258 3392 babeant
277 3351 321 3390 res
341 3332 427 3403 ipsius
448 3333 477 3388 in
499 3348 548 3390 suo
567 3332 646 3404 jurea
673 3339 701 3388 et
721 3331 885 3406 cuicumque
907 3333 990 3403 lilios,
1021 3341 1083 3406 post
1103 3342 1191 3390 trans-

136 3441 198 3490 acto
220 3432 397 3501 constitudo,
427 3430 578 3499 cautionis,
609 3431 772 3486 vinditionis
793 3438 841 3487 aut
861 3431 1056 3504 qualicumque
1078 3434 1191 3503 oblega-

136 3531 226 3589 tiones
247 3531 281 3586 de
302 3530 385 3585 rebus
405 3528 490 3600 patris
511 3528 552 3583 sui
574 3528 717 3599 fecerent,
740 3520 867 3586 stabilem
888 3537 1066 3601 permaneat,
1095 3538 1123 3586 et
1144 3531 1192 3586 de-

134 3629 189 3685 vita
211 3627 295 3700 patris
316 3628 358 3682 vel
379 3643 427 3682 sua
448 3627 597 3697 persolvat.
640 3627 676 3682 Et
696 3627 718 3682 si
740 3627 800 3700 ipse
821 3635 916 3699 postea
937 3643 1076 3684 recressus
1096 3627 1188 3697 luerit,

132 3727 262 3799 iubemus
282 3731 312 3781 ut
332 3740 384 3780 neo
405 3742 420 3780 a
437 3723 501 3780 liliis
518 3723 574 3781 suis
589 3724 750 3796 recipiatur,
774 3741 825 3781 nec
838 3741 881 3781 res
899 3741 961 3780 suas
980 3725 1008 3779 in
1026 3732 1189 3799 potestatem

135 3823 252 3890 babeat3
275 3821 393 3894 quodsi
414 3821 487 3877 filius
508 3821 593 3892 ipsius
614 3823 674 3878 sine
693 3823 798 3878 noditia
811 3819 862 3879 ‘vel
879 3823 1004 3894 jussione
1031 3823 1105 3892 regis
1126 3838 1191 3877 eum

135 3921 305 3992 recollegere
326 3919 533 3992 presumpserit,
558 3935 654 3976 omnes
668 3936 712 3976 res
729 3920 864 3991 ipsorum,
888 3927 915 3975 et
927 3919 1013 3990 patris
1026 3920 1187 3990 substantia,

136 4020 171 4076 ad
193 4025 298 4076 curtem
318 4018 395 4088 regia
416 4015 603 4090 devolvantur.
645 4017 681 4074 Et
702 4018 724 4073 si
745 4016 818 4072 filios
839 4032 897 4072 uon
918 4016 1063 4088 babuerit,
1095 4024 1124 4074 et
1142 4018 1191 4076 ba·

136 4117 227 4173 buerit
247 4116 357 4183 tratres,
387 4115 440 4188 ipsi
461 4133 505 4172 res
527 4115 585 4187 ejus
606 4115 744 4178 babeaut;
767 4119 795 4169 at
815 4113 838 4168 si
859 4130 911 4169 nec
932 4113 1023 4169 fratris
1043 4114 1187 4180 habueret,

136 4213 258 4270 babeant
268 4211 389 4285 proximi
406 4211 554 4286 parent'es;
577 4220 605 4268 et
625 4211 648 4268 si
670 4229 722 4268 nee
738 4211 861 4284 parentis
877 4211 997 4284 proximi
1013 4229 1070 4268 nou
1082 4213 1191 4269 luerent

137 4312 185 4384 qui
207 4312 232 4368 ei
253 4311 363 4382 legibus
379 4312 526 4368 succedere
538 4316 662 4398 possent,
686 4315 749 4382 post
761 4309 901 4381 predictos
922 4314 976 4364 tres
997 4326 1085 4366 annos
1106 4309 1189 4366 curtis

137 4408 229 4480 regiae
250 4407 407 4466 succedant.
431 4407 513 4477 Quod
534 4408 557 4465 si
573 4407 701 4466 habuerit
720 4423 845 4472 uxorem,
869 4414 897 4462 et
917 4405 990 4464 intra
1003 4405 1188 4482 suprascripto

961 4501 980 4559 5
