3172 5228
349 503 390 566 ta
426 527 427 538 ¹
746 523 900 568 noruanrs
922 524 1013 569 naurs

426 674 491 732 aa.
515 673 570 748 (De
587 675 670 746 plopo
690 677 722 731 io
741 672 828 746 noro.)
868 673 901 730 ⁴Si
923 674 985 747 quis
1006 675 1052 732 atii
1072 675 1183 747 plagam
1204 673 1348 731 innatum
1368 672 1408 728 ie·

347 773 432 838 cerit,
464 778 606 845 conponat
634 771 659 826 ei
681 771 787 828 solidos
808 771 947 841 sedicem,
976 772 998 828 si
1020 771 1227 837 resalutaverit,
1250 779 1281 828 ut
1300 777 1408 828 tantum
1430 780 1464 812 ἰ

346 870 515 928 cechatricee
535 876 676 943 appareat.
1423 861 1446 895 ἰ

425 969 491 1026 ὅθ.
515 968 565 1042 (Dc
584 971 666 1041 plaga
685 971 717 1024 ire
738 967 850 1041 curem.)
894 969 923 1026 Si
952 967 1014 1041 quis
1045 968 1091 1026 aiii
1119 969 1227 1041 pingam
1255 968 1283 1025 in
1311 983 1406 1024 aurem

346 1066 452 1132 iecerit,
475 1075 618 1139 conponat
638 1067 663 1123 ei
685 1065 791 1122 solidos
812 1083 869 1132 xrr,
893 1067 916 1123 si
937 1067 1137 1126 resolutarcrit.

423 1165 483 1221 aa.
507 1161 558 1236 (De
578 1167 688 1221 bractio
708 1165 898 1237 transsoroto.)
943 1163 972 1220 Si
989 1165 1051 1237 quis
1062 1165 1147 1222 alium
1165 1164 1193 1222 ir
1205 1163 1319 1220 brachio
1336 1177 1439 1236 pun·‘
1495 1183 1500 1192 ·

344 1261 416 1318 xerit
435 1268 464 1318 et
484 1262 701 1331 transforarerit,
725 1270 867 1335 conponat
887 1263 992 1320 solidos
1012 1279 1071 1320 xvr.
1434 1217 1463 1272 ζ

423 1361 487 1418 88.
529 1361 558 1416 Si
580 1360 642 1434 quis
663 1359 710 1416 alii
731 1360 876 1417 brachium
893 1361 1045 1434 puncxerit
1065 1368 1093 1418 ct
1113 1377 1170 1418 non
1187 1358 1404 1428 transforarent,

343 1465 486 1530 conponat
506 1457 611 1514 solidos
633 1465 705 1516 octo.
1065 1519 1068 1532 p

417 1555 484 1612 cn.
528 1554 578 1626 (Dc
595 1558 679 1628 ptopo
698 1558 730 1613 r'rr
750 1556 854 1629 cosso)-
869 1556 901 1613 Si
922 1557 984 1630 quis
1006 1556 1092 1614 alium
1112 1555 1185 1619 intra
1205 1571 1319 1629 capsum
1341 1556 1402 1629 pla·

343 1653 457 1724 maurit,
481 1660 624 1725 conponat
644 1654 749 1710 solidos
769 1670 816 1712 xx.

422 1752 491 1807 00.
536 1750 586 1823 (Dc
603 1754 687 1825 pingo
707 1756 739 1809 ire
759 1751 846 1820 roua.)
870 1751 985 1825 Siquis
1007 1752 1092 1809 alium
1113 1751 1143 1808 io
1165 1767 1234 1808 coxa
1255 1750 1406 1824 plagaverit

344 1855 390 1904 aut
411 1849 554 1921 punxerit,
584 1850 606 1906 si
638 1851 833 1907 transforatum
862 1851 961 1919 suerit,
993 1856 1136 1924 conponat
1162 1848 1267 1906 solidos
1288 1865 1350 1915 xn3
1382 1849 1404 1906 si

343 1952 436 2003 autem
459 1948 623 2004 transforata
644 1964 701 2003 nou
724 1949 817 2018 tuerit,
840 1956 982 2021 conponat
1001 1948 1106 2005 solidos
1127 1953 1212 2004 octo.¹

421 2046 482 2102 ul.
506 2044 556 2116 (Dr
576 2049 683 2102 nomiro
701 2045 866 2118 pioparorn.)
897 2045 927 2102 Si
949 2048 1042 2118 plures
1063 2047 1158 2119 plagas
1173 2045 1293 2110 tuerent,
1316 2059 1405 2116 usque
1444 2037 1469 2070 '²

342 2150 397 2199 tres
418 2143 580 2199 tantumodo
603 2144 795 2213 nomirentur,
828 2152 857 2201 et
885 2161 935 2218 per
956 2160 1180 2217 unamquamque
1205 2144 1318 2216 plagam
1338 2159 1404 2198 con·

340 2247 484 2314 ponantur
503 2249 533 2297 ut
552 2258 651 2314 supra3
680 2259 743 2298 nam
765 2243 883 2315 amplius
904 2242 927 2297 si
949 2243 1075 2312 suerent,
1110 2259 1166 2298 non
1194 2247 1400 2314 conponantur.
1410 2273 1439 2340 ων

1432 1813 1460 1867 ‘c

420 2360 484 2415 01.
509 2357 559 2430 (De
578 2361 710 2416 incisione
729 2357 846 2431 monor.)
891 2359 920 2415 Si
942 2357 1004 2432 quis
1032 2358 1081 2416 alii
1108 2375 1221 2415 manum
1240 2355 1402 2425 absciderit,

341 2453 518 2544 medietatam
533 2456 615 2528 pretii
637 2456 723 2528 ipsius
744 2457 814 2512 sicut
828 2456 996 2529 adpretiatus
1018 2457 1100 2513 tuerit
1123 2456 1145 2512 si
1167 2472 1230 2512 eum
1248 2453 1358 2512 occissit
1378 2453 1404 2510 ei

337 2561 493 2625 conponat;
524 2562 552 2610 et
577 2554 598 2610 si
621 2555 661 2610 sic
682 2555 845 2611 sideraverit
866 2561 893 2611 et
916 2571 972 2610 non
1001 2555 1202 2627 perexcusserit
1231 2572 1246 2610 a
1272 2545 1437 2626 corpore,ss

341 2658 468 2724 quartam
484 2658 590 2723 partem
612 2652 710 2724 praetii
728 2651 815 2724 ipsius
836 2652 862 2708 ci
879 2659 1032 2725 conponat.

421 2750 485 2806 (38.
510 2747 560 2821 (De
580 2752 670 2824 digito
689 2747 807 2824 monus.)
850 2749 881 2806 Si
903 2751 965 2823 quis
985 2747 1032 2806 alii
1054 2749 1175 2822 poticam
1197 2747 1231 2805 de
1253 2765 1336 2805 manu
1357 2765 1405 2804 ex-

244 2877 249 2894 ·
340 2845 473 2915 currerit,
496 2853 600 2903 sextam
626 2854 732 2919 partem
755 2847 835 2920 pretii
857 2847 944 2920 ipsius
966 2847 1042 2921 quod
1064 2847 1149 2904 homo
1170 2847 1229 2921 ipse
1250 2845 1404 2921 adpraetia-
1524 2897 1528 2902 .

341 2950 383 3000 tus
405 2943 487 3001 suerit
507 2943 529 3000 si
551 2959 615 3001 eum
637 2944 772 3002 occisissit
793 2945 818 3002 ei
841 2953 992 3019 conponat.

420 3044 484 3100 64.
508 3041 558 3114 (Dr
578 3045 694 3101 secundo
715 3044 823 3117 digito.)
853 3043 883 3100 Si
905 3044 967 3117 quis
988 3043 1035 3100 alii
1057 3041 1211 3100 secundum
1229 3041 1346 3113 digitum
1367 3041 1402 3098 de

338 3157 422 3196 mano
443 3141 605 3210 excusserit,
629 3148 772 3214 conponat
792 3140 896 3199 solidos
917 3142 1050 3199 sedicem.

419 3239 485 3296 68.
510 3237 560 3310 (De
586 3241 666 3295 tertio
693 3238 801 3311 digito.)
853 3238 884 3295 si
915 3239 978 3313 quis
1005 3238 1054 3296 alii
1082 3238 1193 3294 tertium
1222 3237 1339 3308 digitum
1367 3236 1402 3294 de

340 3353 423 3394 mano
445 3337 607 3406 excusserit,
631 3337 708 3410 quod
732 3343 773 3393 est
792 3337 964 3403 medianum,
989 3345 1129 3409 conponat
1144 3333 1249 3393 solidos
1267 3337 1402 3409 quinque.
1431 3351 1472 3382 m

420 3463 487 3519 (id.
512 3460 564 3532 (Dc
584 3471 712 3533 quartum
733 3461 867 3535 digitum.)
911 3462 941 3519 Si
972 3462 1034 3536 quis
1061 3461 1108 3519 alii
1135 3470 1263 3535 quartum
1284 3462 1402 3535 digitum

340 3559 375 3616 de
396 3576 480 3616 manu
501 3560 663 3628 excusserit,
687 3566 829 3633 conponat
850 3559 955 3617 solidos
976 3569 1048 3620 octo.

418 3678 477 3734 ua.
502 3675 552 3750 (Dc
571 3680 666 3748 quinto
687 3675 825 3750 digitum.)
850 3675 880 3732 Si
902 3676 1030 3750 quintum
1051 3677 1169 3749 digitum
1192 3678 1227 3734 dc
1249 3694 1334 3736 manu
1353 3695 1402 3734 ex·

338 3774 462 3840 cluserit,
486 3782 629 3848 conponat
649 3775 754 3834 solidos
775 3774 906 3834 sedicem.

418 3873 483 3930 68.
507 3871 557 3946 (De
576 3875 707 3930 incisione
726 3872 843 3945 pedum.)
888 3872 917 3928 Si
949 3871 1012 3945 quia
1040 3873 1085 3929 aiii
1108 3871 1209 3944 pedem
1237 3877 1398 3944 excusserit,

339 3971 515 4028 medietatem
542 3970 623 4045 pretii
655 3970 741 4044 ipsius
768 3969 794 4027 ei
816 3977 977 4044 conponat;
1009 3976 1036 4027 et
1064 3970 1086 4027 si
1114 3970 1250 4029 sideratus
1271 3974 1353 4032 tuerit
1373 3983 1401 4033 et
1418 3975 1438 4006 ³

338 4086 396 4126 non
418 4069 630 4142 perexcusserit,
653 4076 779 4143 quartam
800 4076 907 4142 partem
928 4068 1011 4142 pretii
1032 4068 1118 4142 ipsius
1140 4069 1167 4126 ei
1188 4081 1338 4146 conponat.

419 4186 486 4244 uu.
510 4185 559 4258 (De
576 4188 690 4258 polirem
708 4183 805 4258 podir.)
849 4184 879 4241 Si
908 4185 970 4258 quis
994 4185 1042 4244 alii
1063 4186 1183 4259 polirem
1203 4189 1239 4246 de
1260 4191 1331 4265 pede
1352 4209 1400 4249 ex·

338 4283 463 4348 currerit,
486 4290 629 4357 conponat
648 4282 754 4340 solidos
774 4283 905 4342 sedicem.

418 4385 481 4440 10.
505 4382 690 4456 (verecundo
711 4380 817 4458 digito.)
848 4381 879 4439 Si
900 4381 963 4455 quis
983 4381 1029 4440 aiii
1051 4385 1204 4443 secundum
1225 4386 1341 4460 digitum
1363 4391 1398 4446 dc

338 4480 410 4554 pede
432 4480 592 4552 excusserit,
616 4485 759 4554 conponat
779 4479 883 4536 solidos
904 4497 943 4536 vr.
