3172 5228
376 525 419 590 di
771 543 927 592 somnis
950 545 1043 590 naurs
1116 505 1119 514 ¹

376 695 533 770 predictum
563 701 619 766 est,
652 697 716 768 post
741 701 869 769 susceptu
886 695 1174 754 administrationem
1201 712 1254 771 per
1279 679 1436 770 gairethins

376 793 575 867 adquisiverit,
606 795 662 850 hoc
684 799 774 850 totum
803 794 870 865 rogi*
884 793 1030 868 adquirat,
1055 801 1083 850 et
1111 810 1167 852 non
1190 811 1270 854 suum
1291 796 1435 870 proprium

377 892 494 950 nomine
513 890 636 949 vindicet
657 908 710 949 nec
731 892 791 965 ipse
812 909 865 949 neo
885 891 997 951 heredis
1017 892 1114 966 ipsius.

457 1007 542 1071 aad.
583 1005 681 1064 Nullus
702 1013 844 1080 presumat
863 1006 966 1064 aldium
987 1007 1106 1072 alienam
1128 1013 1175 1065 aut
1200 1008 1329 1066 ancillam
1357 1009 1435 1082 quasi

376 1105 502 1177 strigam,
524 1113 608 1178 quem
630 1105 727 1162 dicunt
746 1121 887 1173 mascam,
912 1105 1059 1162 occidere:
1083 1107 1159 1178 quod
1181 1107 1337 1164 christianis
1357 1124 1436 1164 men·

376 1203 450 1261 tibus
471 1199 623 1261 nullatinus
645 1203 817 1260 credendum
838 1208 880 1259 est
900 1219 954 1259 neo
973 1202 1151 1276 possevilem,
1176 1211 1205 1261 ut
1226 1205 1436 1262 moliervhomi·

275 1362 277 1366 ,
377 1318 443 1359 nem
463 1301 555 1359 vivum
575 1299 853 1373 intrinsecus'possit
872 1301 1029 1361 comedere.
1052 1301 1082 1358 Si
1104 1302 1166 1375 quis
1187 1302 1222 1359 de
1239 1309 1332 1360 cetero
1354 1305 1436 1361 talem

286 1459 287 1463 ,
376 1399 519 1458 intacitum
540 1406 568 1456 st
588 1399 738 1456 nefandam
759 1413 818 1456 rem
838 1405 986 1473 penetrare
1008 1400 1221 1476 presumpserit,
1252 1402 1274 1458 si
1295 1403 1368 1458 aldia
1390 1418 1436 1459 oc·

261 1551 264 1556 .
376 1497 488 1568 riserit,
521 1504 664 1570 conponat
692 1512 744 1571 pro
766 1503 866 1554 statum
888 1497 947 1570 ejus
968 1498 1073 1555 solidos
1095 1515 1146 1563 nx,
1171 1505 1198 1556 et
1218 1500 1333 1573 iusuper
1353 1498 1436 1556 addat

376 1610 428 1669 pro
449 1595 532 1667 culpa
552 1595 657 1652 solidos
679 1611 714 1660 o,
737 1595 915 1652 medietatem
936 1597 1015 1666 regi,
1046 1602 1074 1652 et
1093 1597 1271 1654 medietatem
1292 1599 1335 1654 oui
1364 1599 1436 1655 aldia

376 1691 477 1756 meritc
499 1692 522 1748 si
544 1681 637 1749 autem
658 1691 760 1750 ancilla
782 1691 874 1763 luerit,
897 1699 1040 1767 conponat
1060 1710 1111 1767 pro
1127 1701 1227 1752 statum
1240 1696 1299 1768 ejus
1315 1703 1435 1770 utsupra

379 1789 561 1847 constitutum
583 1795 624 1847 cst
645 1788 668 1846 si
689 1789 879 1847 ministirialcs
909 1799 956 1848 aut
982 1791 1087 1863 rustiga
1108 1793 1208 1858 tuerit,
1239 1793 1356 1867 insuper
1374 1795 1436 1868 'pro

376 1888 458 1960 culpa
478 1887 584 1944 solidos
606 1904 657 1958 nx,
680 1886 858 1945 medictatem
880 1888 957 1959 regi,
991 1896 1019 1946 et
1039 1886 1216 1948 medietatem
1239 1893 1315 1966 cujus
1336 1893 1435 1951 ancilla

376 1985 470 2042 luerit
509 1985 540 2043 Si
561 2001 626 2042 vero
650 1986 736 2058 judex
756 1985 822 2043 huic
844 2003 913 2059 opus
935 1989 1039 2044 malum
1061 1996 1206 2061 penetrare
1225 1990 1352 2065 jusserit,
1375 1991 1434 2066 ipse

378 2084 413 2144 de
434 2103 484 2144 suo
505 2085 620 2160 proprio
642 2103 714 2160 pena
736 2086 923 2169 suprascripta
944 2093 1098 2160 conponat.

383 2201 389 2215 ”
456 2202 535 2262 W.
578 2201 608 2260 Si
638 2200 700 2275 quis
726 2202 870 2259 hominem
896 2197 1017 2259 liberum
1046 2219 1132 2260 unum
1154 2205 1265 2260 oculum
1287 2203 1435 2262 habentem

376 2299 466 2374 ipsum
488 2299 650 2371 excusserit,
674 2300 742 2357 duas
763 2299 849 2373 partis
870 2299 963 2373 pretii
974 2299 1060 2373 ipsius
1076 2301 1154 2374 quod
1170 2301 1339 2374 adpretiatus
1356 2303 1437 2359 luerit

376 2397 399 2454 si
412 2414 477 2454 eum
492 2396 633 2455 occidissit
649 2397 675 2454 ei
686 2405 838 2471 conponat.
865 2396 895 2454 Si
914 2405 1007 2455 autem
1017 2399 1122 2473 aldium
1134 2406 1180 2456 aut
1195 2415 1303 2456 servum
1315 2401 1436 2462 alienum

341 2504 350 2518 '
377 2511 463 2553 unum
485 2498 612 2553 osculum
633 2475 784 2553 habentem
804 2495 896 2568 ipsum
918 2497 1089 2582 excusserit,
1122 2504 1265 2570 conponat
1295 2515 1358 2554 eum
1386 2515 1437 2572 pro

376 2601 527 2652 mortuum.

455 2693 538 2750 aad.
561 2690 591 2747 Si
605 2689 706 2747 mulier
719 2689 807 2747 libera
824 2690 853 2748 in
868 2691 1000 2748 scandalo
1016 2691 1168 2749 occurrerit
1182 2691 1229 2748 ubi
1245 2693 1302 2750 veri
1315 2692 1435 2765 litigant,

376 2785 400 2846 si
421 2790 531 2861 plagam
552 2793 599 2844 aut
619 2787 728 2844 feritam
753 2787 822 2844 facta
847 2787 975 2844 habuerit
996 2795 1043 2844 aut
1072 2789 1186 2845 forsitan
1209 2789 1333 2862 inpincta
1356 2791 1438 2850 luerit

376 2892 424 2943 aut
452 2885 592 2952 occisam,
626 2884 797 2958 adpretietur
825 2887 979 2942 secundum
1006 2887 1180 2944 nobilitatem
1210 2904 1307 2957 suam,
1339 2898 1366 2947 et
1397 2893 1437 2948 sic

377 2989 552 3056 conponatur
579 2990 720 3056 tamquam
749 2981 772 3039 si
799 2983 829 3039 in
851 2983 964 3040 tratrem
990 2983 1075 3057 ipsius
1101 2983 1226 3042 mulieris
1249 2995 1437 3061 perpetratum

376 3079 482 3146 fuissitt
513 3097 578 3138 nam
606 3080 659 3140 alia
691 3081 771 3154 culpa
796 3096 848 3154 pro
869 3080 999 3154 injuriam
1020 3085 1117 3151 stiam,
1147 3083 1221 3140 unde
1243 3101 1333 3142 noooo
1355 3086 1437 3143 solidi

373 3179 543 3253 judicantur,
567 3195 728 3252 conponere
750 3195 807 3234 non
830 3178 1017 3252 requirantur,
1041 3197 1074 3236 eo
1097 3182 1173 3255 quod
1194 3181 1283 3254 ipsam
1304 3177 1339 3241 ad
1359 3183 1436 3240 litem

377 3279 507 3350 cocurrit,
531 3279 607 3352 quod
629 3269 809 3334 inhonestum
830 3283 872 3334 est
891 3277 1054 3335 mulieribus
1075 3279 1176 3338 lacere.
1223 3281 1227 3284 ”

457 3395 542 3452 aad.
585 3393 615 3451 Si
643 3393 705 3466 quis
725 3394 861 3451 cassinum
883 3403 931 3452 aut
957 3401 1060 3451 tectum
1081 3385 1215 3464 alienum
1234 3395 1301 3453 foris
1332 3389 1437 3453 curtem

376 3493 423 3551 ubi
445 3491 485 3550 vir
507 3508 564 3547 non
586 3487 708 3561 habitat,
732 3492 798 3548 dum
813 3492 939 3561 “intentio
960 3491 1044 3550 luerit
1065 3494 1099 3550 de
1121 3500 1210 3560 terra,
1240 3494 1437 3552 disturbaverit

377 3591 473 3650 autin
496 3596 596 3647 terram
611 3590 755 3663 jactaverit
776 3598 804 3648 ct
824 3597 925 3648 terram
947 3608 1034 3662 suam,
1059 3592 1129 3648 sicut
1150 3595 1195 3648 lex
1212 3592 1299 3664 habit,
1322 3591 1438 3649 conuin-

377 3706 440 3746 ocre
462 3705 519 3744 non
542 3687 678 3762 potuerit,
698 3689 827 3746 restaurit
848 3689 937 3762 ipsam
958 3689 1111 3755 cassinam,
1144 3697 1171 3746 et
1192 3696 1334 3762 conponat
1355 3691 1437 3764 aliam

377 3789 459 3845 talem
482 3789 532 3844 suh
555 3786 765 3844 extimationem
788 3787 891 3860 pretii3
926 3805 989 3843 nam
1011 3787 1033 3844 si
1055 3805 1117 3844 casa
1146 3788 1194 3844 ubi
1222 3788 1362 3845 habitatur
1383 3788 1438 3846 dis-

377 3885 539 3957 turbaverit,
562 3890 705 3959 conponat
726 3885 796 3942 sicut
816 3885 844 3943 in
867 3886 922 3942 hoc
942 3885 1072 3942 Edictum
1093 3871 1194 3956 legitur
1214 3887 1377 3944 aratraibus

456 4013 546 4070 880.
590 4011 620 4068 Si
642 4011 705 4084 quis
725 4011 867 4084 peculium
888 4027 968 4069 suum
995 4013 1030 4068 de
1057 4013 1212 4068 clausuram
1243 4011 1362 4070 alienam
1391 4029 1438 4070 oc-

377 4109 450 4166 culte
472 4108 580 4175 tolerit,
606 4113 635 4166 et
653 4125 713 4166 nou
734 4109 890 4182 rogaverit,
920 4117 1062 4184 conponat
1082 4111 1167 4168 curtis
1188 4116 1322 4184 rupture,
1344 4111 1374 4168 id
1396 4116 1438 4168 est

378 4224 485 4282 uteros,
509 4208 614 4266 solidos
634 4226 679 4270 xx.
778 4223 782 4230 ·

462 4325 544 4382 881.
571 4324 618 4381 'Si
640 4325 702 4398 quis
724 4325 809 4382 alium
837 4343 887 4398 per
907 4326 1030 4384 fororem
1051 4341 1116 4396 arga
1137 4324 1311 4389 clamaverit,
1340 4329 1367 4381 et
1388 4341 1436 4382 ns-

377 4438 442 4493 gare
463 4438 521 4478 nou
543 4423 685 4495 potuerit,
718 4429 746 4479 et
772 4421 875 4480 dixerit
902 4425 978 4498 quod
999 4439 1051 4495 per
1071 4424 1198 4481 ‘sororem
1220 4421 1347 4479 dirissitr
1369 4427 1436 4478 tuno

374 4521 480 4594 juratus
511 4520 584 4579 dicat
617 4521 694 4595 qood
721 4537 786 4582 eum
816 4539 882 4595 argp
915 4539 974 4579 non
1008 4522 1199 4593 cognovissit;
1240 4527 1337 4596 postea
1369 4536 1437 4578 con-
