3170 5218
408 475 473 594 118ι
834 491 945 536 meurs
969 491 1059 536 aseae

484 642 550 720 (ιι.)
571 645 611 703 a.
632 614 1030 716 coruscationumque
1051 622 1175 697 alono
1188 639 1304 699 anons
1320 639 1460 704 conones

406 741 580 815 dignoscitur
600 740 635 796 do
656 739 753 796 liboris
774 739 887 796 leminis
907 755 962 812 que
984 739 1069 795 servis
1090 739 1266 811 copulantur,
1289 746 1320 795 ut
1339 738 1461 812 quando·-

405 855 461 914 que
480 839 586 897 iuranti
607 844 716 906 essent,
744 836 774 892 in
795 837 908 893 servitio
929 836 1141 893 reducerentur.
1186 836 1242 894 Sed
1269 837 1335 910 quia
1357 835 1461 893 (inruo-

407 955 487 996 wscn
509 953 558 992 rex
578 934 697 991 instituit
722 935 757 992 de
786 933 829 990 his
860 933 908 1006 qui
936 950 985 1006 per
1006 933 1120 1005 triginta
1140 951 1230 990 annos
1254 935 1284 992 in
1310 934 1462 990 libertatem
1550 977 1551 998 ,

407 1037 545 1100 virerent,
578 1041 609 1090 ut
633 1033 663 1090 in
694 1018 806 1090 servitio
835 1049 891 1090 non
919 1033 1137 1106 replicarentur,
1168 1041 1260 1090 tamen
1290 1033 1355 1106 quia
1376 1038 1463 1088 curtes

407 1134 484 1206 regis
505 1131 643 1206 possessio
665 1147 722 1186 non
738 1130 847 1203 inpedit
868 1131 921 1187 nisi
944 1147 995 1204 per
1010 1131 1154 1202 sexaginta
1169 1130 1460 1196 annorumcurricula,

406 1232 478 1290 sieut
497 1230 617 1286 domnus
638 1229 801 1284 Lrnraasnn
823 1244 872 1283 rex
892 1228 1026 1288 instituit:
1054 1230 1119 1285 ideo
1140 1227 1333 1296 definivimus,
1361 1228 1384 1285 si
1405 1225 1463 1300 quis

408 1329 510 1387 lemine
532 1327 684 1384 admodum
704 1326 834 1383 inventae
856 1326 939 1384 luerit
963 1327 1092 1400 quesibi
1114 1328 1185 1384 servi
1207 1330 1417 1400 copulaverunt,
1439 1331 1464 1380 et

407 1443 459 1502 per
478 1425 622 1496 sexaginta
643 1439 733 1480 annos
753 1423 782 1479 in
804 1423 962 1480 libertatem
981 1432 1205 1497 permanserunt,
1228 1425 1288 1499 ipsa
1308 1433 1335 1480 et
1353 1423 1403 1480 fllii
1424 1423 1463 1478 rel
1552 1425 1553 1440 ¹

408 1525 465 1581 lille
486 1537 582 1579 earum
603 1526 650 1577 aut
670 1519 719 1593 qui
739 1520 775 1576 de
796 1520 864 1593 ipsis
885 1525 1023 1593 procreati
1045 1521 1149 1577 inventi
1172 1523 1284 1592 inerint,
1308 1523 1400 1578 nullus
1420 1536 1465 1577 eos

407 1622 436 1678 in
449 1619 561 1677 seruitio
578 1617 714 1691 replicare
726 1626 894 1690 praesumat,
912 1619 961 1674 sed
979 1619 1008 1675 in
1024 1619 1180 1678 libertatem
1193 1637 1271 1676 suam
1287 1625 1466 1692 permaneant
1553 1617 1554 1634 ¹

409 1719 480 1780 sicut
508 1733 559 1789 per
585 1714 729 1786 sexaginta
759 1717 848 1771 annos
878 1724 1102 1788 permanserunt.
1146 1717 1176 1773 Si
1203 1721 1295 1773 autem
1314 1715 1465 1772 admodum

409 1812 610 1889 presumpserit
645 1815 844 1898 cujuscumque
873 1831 968 1872 servus
1002 1804 1175 1872 arimannam
1207 1815 1308 1872 ducere
1339 1829 1463 1881 uxorem,
1554 1861 1555 1878 ,

409 1912 449 1970 sic
470 1911 674 1969 exinderdetur
690 1911 839 1984 judicium,
861 1911 934 1969 sicut
953 1913 1077 1968 anterior
1098 1912 1212 1970 Edictus
1233 1911 1370 1968 continet.

489 2008 627 2084 (lunas.
649 2010 679 2065 Si
701 2010 869 2082 quicumque
887 2010 1087 2081 Langobardos
1105 2012 1307 2083 qualecumque
1325 2009 1466 2064 bominem
1555 2062 1556 2078 ,

410 2123 519 2165 servum
539 2113 588 2163 aut
607 2107 750 2164 aldionem
772 2123 854 2164 suum
874 2107 965 2164 iacere
978 2110 1129 2177 uoluerit,
1163 2116 1192 2164 et
1218 2109 1279 2181 ipse
1306 2106 1341 2163 ad
1366 2105 1466 2178 palatio

409 2207 515 2263 venerit
536 2205 777 2278 proclamandum,
800 2211 828 2260 et
846 2205 972 2276 jussione
993 2206 1067 2277 regis
1081 2204 1303 2279 accepta-eidem
1320 2202 1468 2277 portaverit

409 2310 440 2360 ut
460 2309 508 2359 aut
527 2303 587 2378 ipse
604 2301 721 2376 judicit,
753 2308 801 2358 aut
821 2303 912 2358 veniat
931 2303 961 2359 in
982 2303 1123 2376 presentia
1143 2303 1217 2375 regis
1237 2305 1280 2360 vel
1307 2303 1344 2360 dc
1362 2301 1467 2375 judices
1556 2324 1557 2384 q

410 2419 474 2458 oum
494 2402 568 2474 ipso,
587 2400 725 2473 judicium
747 2400 924 2467 babendum
946 2410 975 2458 et
994 2403 1055 2475 ipse
1077 2404 1240 2473 neglexerit,
1263 2409 1293 2457 et
1313 2401 1407 2458 lurore
1427 2416 1468 2455 ac·

410 2507 491 2572 cepto
511 2499 534 2556 si
555 2509 620 2555 eum
641 2498 806 2568 battederit,
829 2505 892 2568 aut,
916 2500 994 2572 quod
1014 2499 1104 2569 absit,
1128 2499 1274 2569 occiserit,
1305 2499 1377 2559 sicut
1397 2510 1468 2552 nunc

410 2598 513 2654 iactum
533 2611 568 2653 ex
588 2597 709 2668 peccatis
729 2611 789 2652 esse
810 2597 1004 2668 cognorimus,
1027 2605 1169 2671 conponat
1185 2598 1323 2669 widrigild
1338 2613 1420 2653 suum
1440 2595 1467 2651 iu

411 2693 553 2766 palatium.
580 2693 618 2750 st
637 2694 660 2750 si
680 2693 741 2767 ipse
762 2695 847 2750 bomo
868 2696 945 2752 vivus
964 2697 1057 2765 luerit,
1081 2704 1109 2752 et
1125 2697 1183 2769 jam
1199 2713 1293 2752 servus
1315 2703 1362 2751 aut
1382 2693 1469 2751 aldius

411 2792 457 2862 sit,
481 2791 578 2864 perdat
598 2809 662 2848 eum
683 2807 747 2849 cum
767 2793 849 2849 rebus
878 2794 952 2866 ejus,
984 2795 1061 2850 etin
1084 2794 1210 2851 libertate
1231 2799 1394 2866 permaneat
1413 2791 1469 2863 ipse

411 2891 455 2946 sel
475 2885 526 2945 filii
547 2888 650 2962 ipsius:
663 2891 696 2947 si
718 2906 783 2946 raro
806 2890 888 2947 luerit
909 2891 996 2961 liber,
1020 2899 1049 2948 et
1068 2891 1207 2962 widrigild
1227 2907 1308 2948 suum
1329 2895 1469 2962 conponat

411 2985 471 3056 regi
493 2992 521 3041 et
540 2985 564 3042 si
585 3001 649 3043 eum
670 2988 819 3044 battederit
838 2989 863 3045 ei
878 2996 1022 3062 conponat
1042 2989 1113 3046 sicut
1133 2989 1168 3046 ad
1185 2989 1304 3046 liberum
1317 2986 1467 3044 bominem.

411 3085 481 3150 Nam
503 3083 526 3140 si
547 3083 638 3157 ipsum
659 3085 804 3154 occiderit,
827 3102 877 3158 per
897 3086 951 3142 boc
972 3087 1140 3160 capitulum,
1163 3085 1234 3142 sicut
1253 3101 1337 3157 supra
1357 3084 1467 3154 legitur,

412 3190 555 3258 conponat
574 3191 694 3240 mortem
715 3183 790 3240 illius
809 3183 933 3254 insimul,
957 3191 984 3240 et
1001 3183 1141 3254 widrigild
1161 3199 1241 3240 suum
1255 3181 1315 3253 ngi
1337 3197 1388 3254 pro
1411 3197 1469 3253 pre

409 3271 617 3354 ¹sumptionem
644 3283 667 3338 si
689 3298 754 3338 raro
776 3280 866 3338 aldins
887 3282 970 3338 luerit
990 3289 1037 3339 aut
1057 3298 1172 3351 sersus,
1200 3280 1299 3354 perdat
1318 3280 1392 3336 lilios
1414 3279 1469 3350 ejus

412 3390 440 3440 et
460 3397 505 3438 res
525 3379 622 3454 ipsius,
645 3388 673 3437 et
694 3387 846 3453 conponat,
870 3386 901 3436 ut
911 3380 1042 3450 diximus,
1066 3379 1205 3450 widrigild
1221 3395 1302 3440 suum
1317 3379 1346 3433 in
1358 3377 1468 3450 palatio.

493 3477 589 3553 (ΗΠ.)
611 3480 648 3537 S.
670 3477 809 3534 Omnibus
830 3478 906 3535 enim
928 3495 999 3551 pene
1019 3485 1114 3534 notum
1130 3484 1181 3542 est,
1204 3477 1269 3550 quia
1287 3493 1375 3549 usque
1398 3491 1469 3530 nunc

414 3597 465 3654 per
485 3595 568 3653 prava
588 3578 771 3650 cupiditatem
792 3576 969 3634 deducebant
988 3577 1111 3634 hominis
1132 3582 1337 3634 sacramentnm
1357 3574 1394 3630 de
1414 3588 1470 3628 car·

414 3680 470 3736 tola
492 3676 654 3734 vinditionis
675 3693 730 3749 quc
752 3675 932 3745 iacuerunt,
957 3681 985 3732 et
1004 3677 1235 3749 conpellabantur
1256 3673 1332 3746 quod
1353 3671 1469 3745 pretium

413 3779 576 3851 conpletum
596 3792 654 3832 non
676 3775 812 3832 baberent
832 3776 879 3848 qui
900 3775 975 3848 ipsas
995 3777 1113 3832 cartolas
1133 3775 1274 3831 habebant
1296 3779 1323 3828 et
1343 3788 1388 3828 res
1409 3785 1469 3843 pos-

413 3876 559 3940 sidebant3
581 3881 609 3930 et
629 3873 669 3930 sic
679 3880 818 3947 emptores
830 3874 1008 3931 deducebant
1023 3880 1237 3936 sacramentum,
1260 3872 1337 3945 quod
1352 3869 1469 3943 pretium

414 3976 576 4049 conpletum
605 3972 762 4030 habuerint.
805 3973 888 4042 Quod
915 3973 997 4028 nobis
1025 3980 1053 4028 et
1078 3972 1178 4028 nostris
1200 3969 1342 4042 judicibus
1371 3968 1469 4024 durum

414 4089 474 4130 esse
494 4071 659 4145 conparuit3
687 4069 751 4144 quia
773 4072 820 4144 qui
842 4087 893 4144 pro
915 4070 1080 4143 opinionem
1101 4085 1188 4127 suam
1204 4070 1297 4141 jurare
1325 4065 1467 4132 nolebant,

414 4187 466 4244 pro
487 4176 698 4227 sacramentum
711 4185 792 4226 suum
812 4169 920 4242 aliquid
941 4169 1055 4234 dabant,
1078 4177 1107 4224 ct
1122 4168 1262 4224 babebant
1272 4165 1469 4222 damnietatem

414 4270 475 4326 sino
497 4284 596 4325 causa:
619 4274 647 4323 et
675 4267 800 4338 nanlragi
821 4265 944 4324 bominis
971 4275 1126 4340 propterea·
1147 4267 1206 4340 ipsa
1236 4263 1469 4336 conpellationem

416 4367 566 4436 iaciebant,
588 4374 618 4423 ut
638 4366 745 4440 aliquid
767 4382 864 4422 eorum
885 4381 937 4438 pro
958 4366 1019 4440 ipso
1041 4373 1213 4421 sacramento
1235 4363 1333 4420 tollere
1355 4360 1468 4434 possint

415 4467 483 4523 ideo
505 4466 698 4536 decessimus,
727 4471 757 4521 ut
777 4463 801 4521 si
822 4464 884 4537 quis
905 4465 1008 4545 cartola
1030 4462 1192 4521 vinditionis
1213 4460 1296 4520 alicui
1323 4458 1358 4516 de
1379 4457 1469 4530 aliqua
