3172 5228
415 437 457 508 do
494 440 496 444 ’
794 465 978 513 muremnnr
1001 469 1091 514 neers

415 615 581 685 constituto,
610 617 663 673 hoa
683 622 725 674 est
743 622 798 674 tres
818 633 926 686 anuos,
949 619 1070 676 menime
1090 635 1230 690 regressus
1251 620 1350 689 luerit,
1372 619 1467 676 tertiat

413 713 501 786 ipsam
522 715 556 770 ad
578 714 708 787 palatium
729 715 802 786 regis
828 716 925 789 quiin
954 724 1081 789 tempore
1110 718 1208 788 luerit,
1237 725 1264 774 et
1294 719 1410 791 qualiter
1436 718 1465 774 ei

413 812 472 884 ipse
502 813 647 870 maritandi
675 813 787 869 licentia
816 813 925 870 dederit
952 822 998 870 aut
1019 831 1099 871 eausa
1120 815 1206 888 ipsius
1233 817 1401 873 ordinaverit
1419 817 1464 870 vel

414 911 588 979 mactaverit,
618 910 655 966 ita
676 911 901 976 tacere·debeat;
934 929 998 969 nem
1028 914 1089 968 sine
1114 914 1279 985 permissum
1306 914 1378 984 regis
1404 929 1464 967 non

412 1012 551 1078 presumat
572 1008 699 1063 maritum
720 1009 832 1067 ducere.
873 1010 908 1066 Et
938 1010 960 1065 si
991 1009 1042 1082 ipsi
1065 1017 1126 1082 post
1153 1019 1208 1066 tres
1239 1027 1328 1067 annos
1358 1010 1465 1066 inventi

389 1101 535 1172 ¹luerent,
559 1112 721 1177 potestatem
744 1107 844 1162 habeat
865 1124 913 1162 rex
935 1108 969 1162 de
989 1107 1029 1162 eis
1047 1107 1171 1178 judicare
1192 1110 1310 1180 qualiter
1336 1107 1463 1164 voluerit.

730 1229 859 1283 EXPLlGlT
881 1231 916 1268 llll
938 1227 1010 1270 ΔΝΝΟ
1031 1228 1147 1272 deraso.

708 1379 845 1438 ¹lNClPlT
864 1380 908 1430 DE
928 1379 1021 1430 ANNO
1041 1381 1143 1432 NONO.

669 1477 802 1543 (Kalendis
828 1481 940 1560 marttts,
971 1491 1038 1528 anuo
1067 1472 1217 1543 DCCXXL)

734 1583 923 1664 vouuuuu
947 1583 1143 1659 ounuuuu.

491 1696 549 1768 Epo
569 1698 600 1750 in
613 1693 666 1750 Dei
678 1696 866 1764 ornnipotentis
881 1695 989 1748 nominc
1008 1691 1051 1747 Li
1056 1695 1215 1764 atprand
1235 1694 1469 1749 cacelmtissiraas

411 1811 461 1850 ren
475 1793 531 1849 Deo
552 1795 644 1848 dilecte
664 1799 688 1846 et
709 1792 834 1847 catholice
854 1793 939 1862 pentir
959 1789 1202 1861 Lnnpodardorum
1221 1793 1378 1847 reminiscor
1397 1807 1467 1860 qao-

411 1894 487 1946 niorn
501 1893 561 1962 jam
581 1892 612 1946 in
632 1892 767 1960 superiore
787 1889 879 1945 Edicti
902 1905 1011 1959 corpore
1031 1891 1139 1944 adicere
1159 1891 1343 1958 curavimus,¹
1358 1891 1416 1944 licet
1435 1891 1472 1944 in

409 2006 505 2060 pareo,
530 1991 668 2044 tamenin
688 1988 867 2042 voluminibus
886 1987 989 2052 tribus,
1013 1988 1044 2040 id
1065 1994 1102 2041 est
1122 1989 1151 2041 in
1170 1987 1277 2056 primo,
1309 1981 1346 2042 in'
1359 1990 1467 2057 quinto,

388 2083 441 2143 ¹in
461 2089 553 2143 octado
572 2088 649 2157 reqni
668 2087 755 2141 nostri
776 2103 867 2152 anno,
896 2086 1045 2139 indictione
1064 2087 1221 2154 andecimo,
1251 2087 1468 2156 quintadecima,

412 2194 436 2241 et
457 2187 551 2250 tertia,
586 2202 617 2240 ea
637 2200 706 2254 quac
725 2191 799 2240 recta
819 2192 843 2237 ct
863 2184 1008 2238 sanandam
1028 2181 1115 2238 Deum
1136 2184 1285 2253 tranquilla
1304 2185 1380 2238 nobis
1401 2199 1470 2238 con-

408 2289 566 2354 parncrant.
602 2263 681 2337 Nunc
700 2287 789 2336 autem
808 2297 882 2335 anno
902 2282 980 2350 rcani
999 2282 1095 2346 nostri,
1119 2278 1176 2335 Deo
1195 2287 1359 2351 protcpemc,
1382 2295 1468 2344 nono,

412 2383 456 2435 die
476 2381 652 2434 kalendarum
667 2381 841 2448 martianam,
861 2379 1008 2432 indictione
1031 2384 1138 2447 quarta,
1158 2385 1352 2448 pertractantes
1374 2380 1471 2435 onnia

412 2485 435 2532 et
456 2485 620 2532 recurrentes
640 2477 803 2545 antiquioris
823 2475 915 2530 Edicti
934 2476 1051 2545 capitata
1070 2489 1127 2530 nna
1147 2490 1205 2529 cnm
1219 2476 1358 2545 jndicibus
1377 2483 1403 2546 ct,
1420 2491 1470 2528 re-

411 2575 491 2644 liquis
512 2572 701 2644 Lnnpodardis
721 2573 842 2642 fidelibus
863 2575 978 2640 nostris,
1002 2574 1129 2628 iterantes
1157 2573 1187 2627 in
1217 2580 1313 2642 quarto
1332 2573 1472 2627 columine

411 2673 531 2741 supplere
545 2679 568 2725 et
578 2687 675 2742 arcam
689 2671 855 2740 previdimus
863 2686 913 2739 que
922 2671 1001 2724 nodis
1008 2671 1090 2741 juata
1100 2669 1157 2724 Deo
1172 2677 1245 2725 recta
1260 2677 1469 2740 cooperuerant.

490 2763 773 2841 (l.1tcaaan,'tn
801 2770 909 2836 naamis
936 2769 1016 2823 annis
1048 2771 1140 2823 deceat
1166 2785 1219 2822 esse
1247 2769 1365 2839 lepitinea
1384 2763 1470 2841 aas.)

410 2865 470 2921 19.
511 2865 573 2920 Hoc
595 2864 799 2935 prospeximus,
832 2871 863 2918 nt
888 2858 961 2920 intra
994 2865 1138 2929 decemet
1159 2873 1221 2920 octo
1242 2881 1332 2920 annos
1351 2881 1409 2919 non
1430 2865 1471 2920 sit

410 2961 548 3031 legitimus
578 2961 661 3016 homo
692 2977 736 3016 res
766 2977 828 3016 suas
862 2961 1058 3018 alienandum:
1089 2957 1222 3034 excepto,
1251 2962 1274 3017 si
1301 2968 1378 3034 pater
1406 2962 1470 3032 ejus

409 3059 533 3114 debitum
555 3058 705 3127 dimiserit,
728 3058 828 3114 habeat
849 3065 1028 3130 potestatem,
1053 3077 1107 3115 una
1128 3076 1190 3114 cum
1212 3059 1310 3115 notitia
1332 3059 1469 3130 principis

410 3163 481 3213 terre
502 3156 590 3225 istius,
615 3145 719 3212 tantum
743 3157 776 3212 de
798 3157 880 3212 rebus
901 3157 957 3212 suis
979 3157 1113 3224 dandum,
1137 3164 1270 3228 quantum
1291 3157 1396 3227 ispsum
1416 3157 1470 3211 de-

408 3254 494 3309 bitum
517 3253 609 3321 luerit,
632 3259 662 3308 ut
682 3253 707 3308 ei
728 3253 818 3325 major
834 3253 987 3310 damnietas
1007 3261 1121 3326 propter
1141 3270 1225 3309 onera
1236 3254 1388 3308 solidorum
1406 3269 1467 3308 non

409 3351 566 3413 adcrescat;
590 3359 617 3406 et
638 3351 696 3422 ipse
713 3351 841 3422 princeps
855 3351 903 3423 qui
923 3367 975 3422 pro
992 3359 1116 3423 tempore
1137 3351 1228 3412 luerit,
1251 3357 1365 3423 propter
1375 3351 1468 3406 Deum

407 3455 435 3502 et
455 3447 564 3503 animae
585 3465 649 3504 suae
671 3449 831 3504 mercedem
850 3450 950 3520 dirigat
980 3465 1126 3521 personam
1149 3450 1237 3505 Deum
1264 3448 1407 3503 timentem
1426 3447 1468 3504 de

354 3612 358 3622 ἱ
408 3543 449 3600 sui
471 3545 619 3616 presentia,
642 3546 689 3617 qui
712 3546 764 3601 hoc
785 3545 876 3617 ipsum
897 3546 1037 3619 sapienter
1058 3546 1235 3603 consideret:
1266 3551 1296 3600 ut
1316 3545 1350 3601 ad
1371 3545 1468 3616 ipsum

409 3641 574 3698 inlantulum
596 3643 688 3715 aliqua
709 3643 862 3700 damnietas
883 3652 978 3700 contre
1000 3645 1136 3701 rationem
1158 3651 1204 3700 aut
1224 3659 1275 3714 per
1294 3643 1468 3713 negligentia

407 3740 529 3796 menime
555 3740 709 3812 proveniat.
753 3741 789 3796 Et
810 3741 838 3795 in
861 3742 1047 3798 nonodecimo
1072 3759 1146 3798 anno
1171 3741 1206 3797 sit
1226 3740 1332 3796 homini
1353 3741 1469 3810 lango-

407 3837 493 3892 bardo
515 3838 636 3908 legitima
657 3844 741 3908 etas„
765 3820 791 3893 et
819 3838 1014 3911 quodcumque
1041 3839 1136 3895 lecerit
1163 3840 1204 3894 vel
1234 3838 1398 3910 judicaverit
1426 3838 1466 3894 de

406 3935 488 3990 rebus
514 3935 589 4000 suis,
614 3935 705 3991 stabili
733 3935 831 3990 ordine
853 3935 952 3991 debeat
974 3952 1145 4009 parmanere.
1188 3936 1224 3991 Et
1244 3936 1298 3991 hoc
1318 3936 1467 3992 statuimus

407 4031 497 4103 adque
511 4032 669 4100 delinimus,
692 4039 721 4088 ut
741 4032 763 4087 si
778 4032 943 4104 cuicumque
964 4041 1027 4089 ante
1048 4033 1124 4106 ipsos
1136 4033 1232 4088 decem
1254 4039 1282 4087 et
1296 4040 1358 4089 octo
1372 4049 1467 4089 anuos

405 4128 528 4184 evenerit
547 4130 693 4199 egritudo,
727 4137 754 4184 et
779 4145 809 4184 se
837 4128 936 4184 viderit
964 4129 998 4184 ad
1025 4129 1122 4186 mortis
1151 4130 1305 4201 periculum
1332 4130 1463 4199 tendere,

405 4225 505 4280 habeat
525 4226 665 4282 licentiam
686 4227 720 4282 de
743 4226 824 4282 relius
844 4225 909 4308 suis(
928 4242 979 4298 pro
1001 4227 1121 4302 animaru
1143 4243 1220 4282 suam
1248 4226 1277 4281 in
1299 4228 1400 4282 sanctis
1420 4227 1467 4282 lo·

405 4323 444 4378 cis
465 4338 546 4378 causa
567 4321 696 4393 pietatis,
729 4325 771 4380 vel
792 4323 821 4378 in
842 4323 1024 4393 senodochio,
1045 4324 1170 4395 judicare
1192 4324 1267 4396 quod
1282 4324 1411 4393 voluerit,
1435 4332 1466 4380 et

405 4420 480 4491 quod
498 4418 661 4490 judicaverit
682 4436 732 4492 pro
747 4419 874 4476 animam
899 4437 995 4486 suam,
1018 4422 1149 4479 stabilem
1167 4422 1265 4478 deveat
1284 4435 1461 4492 permanere.
