3198 5222
1165 496 1205 558 11.

200 690 234 730 re
263 669 330 750 ipsa
365 670 484 732 absunt
544 669 575 730 Si
610 689 683 731 vero
714 669 854 734 hodierni
880 673 911 734 hi
934 674 1030 754 pedes
1056 671 1207 756 (reliquos

201 781 285 843 enim
309 781 417 844 omitto
441 782 541 843 minus
564 790 723 846 accuratas
746 785 882 848 rationes
904 785 1070 868 habentes)
1095 785 1135 846 ab
1151 804 1205 848 an·

199 895 276 976 tiqui
301 895 438 974 partibus
462 915 517 956 seu
540 895 643 975 digitis
668 896 818 978 originem
843 899 1010 971 duxerunt,
1042 897 1125 960 baud
1149 896 1206 982 du·
1240 953 1244 960 .

198 1005 285 1068 bium
308 1007 450 1068 homines
474 1007 597 1088 septimi
621 1009 786 1090 notavique
810 1010 925 1092 saeculi
939 1029 1099 1072 romanam
1117 1027 1204 1068 men-

199 1139 300 1182 suram
325 1120 398 1182 satis
423 1127 531 1182 exacte
555 1121 739 1201 cognovisse
765 1142 864 1203 eaque
882 1121 1076 1192 neminisse,
1103 1121 1128 1182 si
1151 1119 1204 1181 illa

198 1253 299 1314 usque
323 1221 361 1295 ad
384 1252 442 1295 nos
465 1232 517 1294 vix
541 1233 741 1296 mensurabili
771 1235 947 1297 discrimine
972 1241 1089 1298 mutata
1112 1233 1205 1297 isvis-

200 1344 341 1426 simeque
365 1352 507 1426 corrupta
531 1345 737 1426 pertransivit.
777 1347 877 1422 ¹Quod
892 1347 1017 1431 factum,
1044 1347 1204 1426 bucusque

199 1477 282 1537 pene
308 1457 553 1532 inobservatum,
579 1459 699 1540 gaudeo
723 1458 797 1520 viris
816 1459 1031 1540 antiquitatum
1050 1455 1206 1528 studiosis,

201 1569 378 1636 architectis
393 1571 586 1651 praesertim,
613 1570 779 1644 subiicere,
806 1576 1020 1653 argumentum
1033 1570 1203 1640 deducens,

169 1662 173 1666 ⁴
202 1701 265 1746 non
289 1683 395 1764 inepte
419 1703 504 1750 reor.
528 1684 567 1746 ad
584 1683 780 1764 probandum
795 1703 956 1747 romanum
975 1683 1088 1764 pedem
1108 1680 1206 1744 maxi-

199 1815 284 1860 mum
307 1796 339 1856 in
362 1815 450 1858 usum
474 1794 568 1870 fuisse
591 1796 673 1876 apud
698 1797 919 1877 Langobardos
943 1803 973 1858 et
987 1794 1094 1876 procul
1112 1791 1207 1856 dubio

200 1908 233 1968 in
264 1907 358 1969 rebus
381 1906 600 1993 aedificatoriis
623 1915 796 1970 ceterarum
819 1907 956 1974 omnium
991 1924 1205 1976 mensurarum

199 2018 296 2081 multo
319 2019 452 2100 amptius
475 2027 599 2092 notum,
636 2019 774 2102 itemque
807 2040 856 2082 mc
887 2039 904 2082 a
939 2018 1077 2086 sensibili
1100 2036 1205 2080 errore

199 2133 309 2194 abesse
343 2130 499 2194 dicentem
527 2133 638 2212 pedem
667 2131 849 2213 Liutprandi
879 2132 960 2212 regis
992 2150 1086 2194 unum
1120 2149 1206 2191 eum-

198 2245 334 2324 demque
358 2263 426 2306 esse
450 2263 519 2306 cum
546 2252 650 2310 vetere
673 2245 754 2327 pede
784 2264 914 2306 romano
938 2251 969 2308 et
991 2245 1030 2308 dc
1050 2244 1114 2308 hoc
1136 2242 1205 2322 ipso

198 2346 290 2438 loqui
315 2356 401 2438 leges
428 2364 558 2424 nostras,
611 2333 780 2430 Adiiciam,
818 2355 950 2418 artifices
980 2354 1205 2418 caementarios

200 2490 255 2532 seu
289 2468 505 2532 marmorarios
539 2469 622 2532 itlius
651 2470 720 2532 aevi
751 2489 812 2531 non
844 2468 1065 2550 Langobardos
1095 2467 1201 2538 fuisse,

201 2582 254 2644 sed
279 2581 372 2644 Italos
395 2601 516 2654 omnes,
548 2582 611 2644 imo
641 2582 681 2644 ab
705 2581 767 2643 oris
791 2581 872 2643 Larii
895 2581 981 2644 lacus
1004 2601 1061 2664 par
1084 2579 1204 2642 ltaliam

200 2696 331 2767 effusos,
367 2693 446 2754 nihii
475 2714 639 2756 commune
667 2715 736 2757 cum
769 2693 908 2756 barbaris
932 2693 1078 2756 habuisse
1102 2711 1204 2754 rernm

200 2793 507 2870 architectonicarum
535 2807 629 2888 piane
660 2807 789 2888 ignaris:
823 2816 947 2870 nostrae
978 2803 1071 2870 ctiam
1094 2784 1224 2868 aetatis'

199 2918 364 2999 operarios.
381 2920 522 2982 videmus
545 2927 685 2982 veterum
709 2939 921 2984 mensurarum
944 2918 1155 2982 tenacissimos
1173 2925 1204 2992 et

197 3031 319 3112 illarum
341 3031 523 3112 praesertim
547 3051 678 3114 quarum
702 3031 785 3104 domi
808 3031 939 3112 primam
963 3029 1132 3094 hauserunt
1146 3049 1203 3089 no-

198 3143 306 3208 titiam.
354 3143 481 3206 Constat
504 3143 609 3216 etiam,
636 3149 776 3205 vertente
806 3143 835 3201 V
857 3141 1005 3214 sacculo,¹
1034 3161 1130 3210 unum
1152 3159 1203 3200 ro-

198 3275 323 3318 nranum
346 3256 459 3338 pedem
483 3255 717 3336 praevaluisse:
746 3253 838 3317 sicuti
863 3273 938 3316 vero
961 3253 1001 3316 ab
1024 3253 1076 3315 ilia
1101 3259 1202 3314 aetate

197 3366 284 3428 nulia
306 3365 392 3430 hisce
416 3369 447 3433 in
471 3369 564 3450 rebus
587 3368 711 3434 invecta
733 3365 791 3430 fuit
813 3365 943 3432 mutatio
964 3364 1111 3450 (excepta
1127 3384 1204 3446 qua.

198 3480 272 3541 dam,
293 3479 465 3543 inevitabili
489 3479 712 3562 corruptioneh
738 3478 839 3561 liquet
854 3478 967 3559 pedem
984 3477 1070 3541 ilium
1093 3478 1149 3539 Vll
1173 3483 1204 3538 et

197 3592 281 3657 VII-I.
295 3592 423 3655 saeculo
455 3612 544 3655 usum
575 3591 683 3674 procul
706 3590 801 3654 dubio
824 3590 1006 3659 obtinuisse,
1036 3591 1203 3671 praecipue

198 3705 281 3785 apud
297 3705 390 3767 italos
413 3706 467 3787 qui
490 3704 593 3766 omnia
617 3705 657 3768 ad
681 3703 928 3768 aedificationem
954 3702 1141 3784 pertinentia
1164 3704 1202 3765 ad

198 3816 280 3878 illius
304 3818 392 3898 pedis
415 3819 565 3880 rationem
590 3818 628 3880 ab
652 3817 779 3899 antiquo
803 3823 993 3898 aptaverant.
1046 3817 1130 3877 Nova
1154 3835 1202 3878 ar-

198 3938 343 4012 gumenta
368 3929 487 3992 videbis
512 3930 616 4004 etiam,
642 3930 750 4004 lector,
776 3929 807 3990 in
833 3929 937 3993 adnot.
964 3929 1002 3990 ad
1027 3928 1134 3990 harum
1159 3927 1203 3990 ie-

199 4063 270 4123 gum
294 4050 324 4117 r.
352 4044 484 4120 ccviii,
511 4044 657 4108 cnxrv..
964 4027 969 4045 “
