3172 5228
510 491 651 537 commu
670 491 737 540 car.
751 486 779 532 rr
791 511 817 520 -
832 487 866 532 sa.
921 484 929 497 ·
1162 473 1204 538 85

153 641 302 711 menas,
324 647 392 698 tunc
411 641 511 718 habeat
531 642 590 714 ipse
607 641 693 715 jener
714 646 879 714 pmeststem
900 641 971 698 ioris
987 645 1131 716 peonnam
1159 662 1207 703 eos
1252 626 1254 629 ⁵

153 738 343 809 manendum,
366 743 394 795 et
415 739 551 813 praetium
572 739 631 796 sibi
646 739 800 795 tollendum
822 744 905 810 atque
926 740 1094 799 habendum.
1137 745 1206 800 Nam

153 835 175 892 si
197 852 248 908 per
266 837 405 893 scnidahis
435 835 540 893 inventi
569 837 699 904 tuerent,
731 817 926 892 mediaetatem
955 836 990 892 de
1016 839 1077 910 ipso
1099 839 1206 913 praetio

152 935 232 990 toliat
248 934 334 1006 judex
360 941 387 990 et
411 932 604 992 mediaetatem
632 933 794 999 nulnum
824 940 852 990 et
878 934 902 990 si
933 934 1058 1005 deganus
1083 943 1131 992 aut
1154 938 1207 994 sal·

152 1031 237 1087 tarius
266 1032 340 1103 ipsos
370 1031 473 1098 ericius
500 1039 547 1114 aut
579 1031 680 1088 ariolos
706 1031 749 1088 vei
770 1031 972 1104 suprascriptus
992 1032 1140 1090 saerilecus
1161 1035 1206 1090 in*

151 1127 278 1191 venerit,
310 1134 338 1185 et
354 1129 505 1186 'sculdahis
532 1146 581 1185 suo
604 1128 843 1194 manufestaverit,
873 1135 939 1185 tanc
966 1129 1075 1186 tertiam
1101 1137 1206 1202 partem

136 1225 211 1299 ‚ipse
231 1226 357 1282 saitarius
377 1231 425 1282 ant
435 1226 560 1296 daganus
581 1226 617 1282 de
638 1226 698 1298 ipso
714 1226 805 1298 pretio
821 1226 1083 1299 perqucminrenti
1097 1229 1208 1284 suerent

151 1323 251 1380 habeat
270 1323 333 1392 sibi,
357 1330 385 1380 et
405 1325 473 1380 duas
495 1325 579 1397 partis
601 1325 680 1380 tollat
700 1324 758 1396 ipse
779 1325 926 1383 scuioanis.
948 1325 985 1385 Et
1004 1325 1045 1380 ita
1063 1325 1207 1398 prospexi.-

150 1436 228 1490 mus‚
258 1429 289 1478 ut
317 1423 453 1495 unusquis
477 1423 561 1494 judex
589 1429 617 1478 et
636 1421 776 1479 sculdahis
805 1421 884 1480 iaciat
912 1421 1020 1478 mittere
1041 1437 1203 1494 preconem,

151 1525 180 1574 ut
201 1518 249 1590 qni
271 1534 358 1592 usqne
380 1519 464 1577 mono
486 1519 623 1592 ipsanec
641 1520 760 1576 dicenda
780 1535 864 1592 opera
885 1527 1018 1590 egerunt,
1047 1519 1106 1576 sihc
1133 1537 1206 1578 mas·

150 1617 227 1672 celus
248 1615 308 1672 sibe
330 1617 443 1681 femina,
467 1623 498 1673 nt
517 1617 619 1673 amodo
641 1633 699 1674 non
721 1617 839 1682 saciant3
873 1623 900 1672 et
921 1617 944 1672 si
965 1617 1066 1674 amodo
1087 1633 1143 1673 uon
1166 1617 1214 1674 ie·¹

122 1777 124 1782 ¹
150 1718 265 1778 carent,
298 1730 355 1769 non
387 1715 490 1778 vadant
509 1715 636 1770 senates:
667 1731 735 1770 naas
760 1714 868 1787 sipost
892 1714 983 1786 ipsum
1003 1730 1157 1787 preconem
1175 1714 1204 1775 in

152 1810 254 1866 talibus
273 1809 352 1868 maiis
375 1812 506 1884 operibus
526 1811 633 1868 inventi
654 1811 774 1882 suerent,
798 1827 905 1884 poenae
918 1811 1123 1885 suprascriptae
1141 1812 1206 1868 suir-

145 1907 265 1979 J'accent-
287 1909 323 1964 Et
343 1910 381 1965 ita
401 1911 529 1971 volumus
548 1915 630 1982 atque
653 1909 837 1982 precepimus,
861 1916 892 1964 ut
909 1909 1045 1980 unusquis
1065 1907 1205 1965 sculdahis

147 2006 321 2063 etsaitarius
351 2015 433 2080 atquc
462 2008 585 2078 sicgarus
603 2007 696 2080 jurare
728 2007 830 2066 debeat
851 2006 939 2078 judici
968 2023 1020 2066 suo
1048 2007 1084 2062 ad
1110 2013 1204 2062 sancta

149 2102 200 2158 Dei
222 2105 375 2175 evangelia,
400 2105 476 2177 quod
497 2105 525 2160 in
548 2105 598 2162 ista
613 2121 694 2161 causa
711 2104 818 2161 nulium
836 2104 1115 2176 neclictumponant;
1138 2103 1204 2176 qrria

144 2200 250 2272 ionum
270 2208 375 2272 estut,
408 2202 474 2258 dum
494 2201 524 2257 in
547 2207 643 2258 nestra
662 2217 744 2276 eausa
766 2201 915 2258 necnuum
932 2177 1041 2274 ponere
1062 2217 1119 2257 non
1142 2217 1221 2284 pre-⁹

146 2305 277 2364 sument,
310 2316 362 2356 nec
391 2299 471 2357 notris
500 2300 590 2354 sciere
611 2299 664 2372 qui
681 2304 776 2354 contra
799 2314 850 2354 nos
871 2303 954 2370 agent
975 2304 1022 2354 aut
1042 2299 1200 2368 consiliant,

146 2403 281 2468 quantum
301 2396 390 2468 magis
411 2411 473 2452 ncn-
485 2396 588 2452 debent
607 2396 756 2452 neelictum
775 2395 804 2452 in
820 2395 876 2452 Dei
889 2411 972 2452 rausa
989 2411 1111 2468 penore,
1131 2413 1203 2469 quae

145 2495 208 2566 pius
229 2498 280 2563 est,
303 2495 337 2552 ad
358 2494 577 2566 inquirendum?

225 2571 304 2666 (iil.)
327 2593 391 2649 86.
414 2593 446 2648 Si
464 2592 527 2666 quis
548 2593 683 2649 cavallum
703 2591 826 2648 alienum
850 2589 879 2647 in
901 2591 1035 2648 damnum
1056 2607 1140 2648 suum
1160 2591 1203 2649 in-

144 2689 271 2758 venerit,
302 2697 329 2746 et
351 2691 428 2762 iuxta
451 2689 591 2746 anteriore
613 2690 742 2746 Edictum
769 2691 805 2746 ad
830 2690 955 2746 clausura
982 2689 1152 2759 minaverit,
1175 2695 1205 2746 et

143 2785 220 2842 iilam
240 2786 378 2844 rationem
398 2788 493 2844 iecerit
515 2804 599 2859 unam
619 2787 733 2847 Edictns
758 2786 882 2844 anterior
903 2785 1007 2857 cernit,
1041 2787 1080 2844 sic
1101 2786 1202 2844 exinde

144 2883 282 2955 procedat.
295 2884 449 2956 iudicium,
479 2884 553 2941 sicut.
578 2883 720 2954 gioriosac
741 2882 894 2940 memoriae
916 2883 1064 2943 Roranam
1090 2873 1141 2941 rex
1160 2884 1202 2941 in-

143 2979 249 3045 stituita
280 2997 347 3038 uam
373 2981 397 3038 si
424 2982 544 3056 amplius
570 2979 678 3053 aliquid
699 2980 735 3053 in
756 2981 818 3053 ipsc
841 2981 946 3038 cavallo
967 2980 1057 3037 iacere
1079 2997 1203 3054 presum-

143 3077 232 3150 pserit
252 3095 336 3151 quam
356 3079 472 3135 Edictus
492 3077 617 3135 antenor
637 3076 756 3148 legent,
779 3077 802 3136 si
823 3078 882 3150 ipse
904 3077 1027 3134 carellus
1046 3076 1115 3134 nihil
1136 3078 1201 3134 mali

142 3191 242 3247 pessus
263 3175 361 3245 inerit,
392 3185 534 3249 conponat
561 3191 611 3248 pro
632 3176 693 3248 ipsa
719 3173 833 3232 inlecita
864 3174 1100 3248 presumptione,
1124 3175 1202 3248 juxta

142 3273 233 3345 qualis
253 3273 313 3346 ipsc
334 3275 455 3330 cavallus
475 3274 574 3342 inerit,
604 3274 781 3330 medietatem
801 3273 900 3346 praetii
922 3279 1059 3345 quantam
1077 3272 1137 3346 ipse
1157 3290 1202 3328 ca-

144 3370 230 3426 vallus
251 3371 419 3444 appretiatus
440 3372 532 3439 inerit,
555 3387 606 3442 pro
627 3370 690 3442 ipsa
708 3369 824 3428 inlecita
838 3369 1038 3443 presumtione‚
1062 3376 1090 3427 et
1110 3369 1201 3443 ipsum

141 3469 276 3524 cavallum
306 3485 404 3526 sanum
431 3469 556 3526 restituat
583 3467 729 3524 deminum
749 3467 816 3539 ejus.
872 3468 944 3524 Nam
960 3468 983 3524 si
1003 3467 1063 3540 ipse
1083 3468 1201 3539 conallus

140 3571 267 3621 mortuus
286 3573 333 3621 aut
353 3568 426 3624 iesus
448 3566 541 3634 suerit,
565 3565 604 3622 sic
628 3573 813 3638 conponatur,
837 3565 908 3622 sicut
927 3565 956 3620 in
974 3565 1113 3622 arnume
1132 3565 1199 3622 Edi·

139 3669 215 3720 ctum
230 3662 341 3734 legitur,
366 3672 395 3721 et
412 3663 526 3736 insuper
545 3679 596 3736 pro
616 3663 676 3737 ipsa
696 3663 811 3722 iniecita
826 3665 1035 3738 presumptione
1060 3681 1201 3739 conponat

139 3767 285 3832 utsupra.
794 3835 801 3849 ι

220 3856 315 3932 (1111.)
356 3860 413 3916 δῖ.
455 3859 485 3916 Si
507 3860 653 3932 quiscum
674 3878 753 3920 servo
775 3867 824 3918 aut
850 3859 964 3917 aidiorec
992 3859 1034 3916 vel
1055 3877 1119 3918 eum
1137 3877 1201 3934 per-

139 3961 283 4012 tenentem
311 3955 415 4013 aiieno.
432 3957 467 4013 de
497 3947 707 4033 qualiscumque
734 3975 793 4016 rem
823 3956 988 4014 conuenerit
1013 3956 1072 4014 sine
1095 3959 1201 4020 noditia

138 4052 250 4109 domi-ni
269 4053 345 4124 ejus,
369 4071 441 4126 quac
462 4055 492 4111 in
513 4056 653 4114 anteriore
674 4056 773 4114 Edicto
796 4071 853 4111 uon
877 4061 1057 4126 contenetur,
1089 4064 1116 4112 ct
1135 4073 1200 4129 pro·

138 4157 230 4207 vatum
251 4150 335 4207 fucrit
355 4153 431 4224 quod
450 4170 493 4210 res
513 4154 620 4211 domini
641 4154 683 4211 sui
699 4151 892 4224 naufragassit,
916 4161 982 4210 tuac
998 4153 1097 4211 reddat
1111 4156 1199 4227 ipsam

138 4265 198 4306 rem
219 4249 267 4322 qui
288 4266 351 4306 eam
377 4250 498 4323 suscepit
518 4252 638 4325 absquae
667 4251 773 4324 praetio
796 4251 915 4308 domino
933 4251 1010 4324 ejus,
1039 4252 1078 4310 ita
1107 4259 1137 4308 ut
1156 4269 1199 4309 sa·

139 4346 261 4404 tisiaciat
271 4363 321 4420 per
336 4341 635 4424 sagramentumquod
648 4349 767 4424 amptius
780 4349 880 4407 exinde
898 4366 955 4406 non
971 4350 1077 4409 tniissit
1099 4351 1199 4408 Postea

139 4443 270 4522 dommus
282 4446 341 4518 ejus
358 4445 442 4504 iaciat
456 4447 492 4506 de
508 4464 587 4507 serve
606 4454 654 4508 aut
669 4449 708 4506 (ie
721 4447 893 4508 aldioncum
906 4449 982 4522 qued
995 4448 1037 4506 iiii
1052 4449 1196 4522 perunit.
