3198 5222
626 757 712 814 beant
732 758 874 824 sucedere,
899 775 957 817 nou
978 759 1059 819 clius.
1078 758 1146 816 Ideo
1164 759 1226 817 dice
1244 763 1278 818 'ut
1298 758 1349 816 filii
1372 765 1452 818 uatu-

627 855 691 912 rolis
713 873 769 921 nou
797 857 919 914 debeent
939 859 1071 915 secedere
1099 874 1152 914 uec
1181 857 1227 914 ulii
1260 864 1389 932 parentes
1410 858 1455 914 vel

494 1023 495 1028 ἵ
628 961 732 1012 curtem
753 955 837 1025 regis.

437 1051 465 1112 1,
488 1067 525 1110 m.
598 1051 627 1108 Si
646 1053 847 1123 Langobardos
864 1054 967 1110 deserit
988 1050 1161 1128 (decesserit),
1186 1060 1213 1110 et
1226 1051 1379 1127 relinqueri
1396 1053 1456 1110 filiu

626 1167 660 1206 ex
681 1167 782 1223 nepus,
815 1152 873 1208 filio
895 1153 929 1212 de
951 1169 1001 1210 suo
1023 1152 1082 1208 filio
1103 1153 1251 1225 etqualiter
1281 1149 1455 1226 (aequaliter)

531 1305 532 1312 ,
557 1293 560 1298 ,
596 1309 600 1317 ,
626 1250 759 1306 sucedere
778 1250 915 1320 dcheuut,
948 1251 1081 1324 quonium
1110 1251 1167 1306 otia
1188 1267 1246 1308 uon
1268 1251 1352 1308 debet
1373 1267 1454 1306 suce-

626 1346 706 1412 dere,
738 1347 790 1404 nisi
811 1355 918 1404 tautum
938 1349 1044 1414 filium;
1066 1348 1089 1405 si
1112 1365 1178 1420 ergo
1200 1349 1257 1406 filiu
1279 1356 1369 1406 totum
1391 1365 1455 1405 suc-

581 1455 585 1461 ’
627 1446 715 1516 cedit,
738 1447 798 1520 plus
819 1447 908 1504 filium
929 1447 1044 1514 sucedit.

417 1559 458 1614 Du
480 1576 552 1618 nuuc
576 1561 606 1620 V.

436 1657 464 1716 1.
487 1676 525 1714 m.
566 1685 570 1698 ‹
601 1661 758 1717 Recordare
780 1661 998 1734 quonium-non
1028 1663 1088 1735 posi
1114 1664 1221 1720 doncro
1252 1678 1303 1729 nec
1326 1661 1456 1734 judicare

551 1775 554 1780 ·
627 1773 725 1814 omues
747 1776 795 1815 rex
821 1776 883 1816 suas
904 1761 1012 1831 filium,
1046 1761 1117 1817 idest
1146 1761 1180 1818 de
1207 1760 1265 1820 filio
1293 1760 1322 1816 iu
1350 1759 1456 1832 capilio

536 1877 537 1886 ¹
626 1857 735 1912 abuerit
752 1858 826 1930 justa
846 1859 908 1930 lege
930 1860 1118 1932 duas.‘primc
1133 1860 1263 1916 iniciotur
1283 1859 1335 1915 ite:
1359 1859 1401 1913 De
1419 1873 1455 1912 eo

627 1955 674 2027 qui
696 1956 782 2011 filiam
812 1955 841 2012 in
868 1958 973 2030 eupillo
997 1957 1026 2013 in
1057 1975 1088 2014 cc
1114 1958 1210 2041 obueri
1241 1956 1286 2032 (L.
1308 1955 1456 2030 runt).

627 2053 755 2110 Secunda
781 2054 865 2110 inicio
885 2055 941 2112 sic:
974 2056 1004 2111 Si
1033 2056 1095 2129 quie
1115 2056 1316 2128 longobardus
1346 2053 1456 2112 volueri

627 2150 656 2206 in
678 2152 718 2207 nti
740 2152 796 2208 suis
819 2153 859 2224 (L.
881 2153 934 2226 XI,
959 2153 1018 2227 10).

437 2247 464 2305 1.
478 2247 574 2306 tium.
602 2246 779 2321 immendare)
802 2251 836 2306 de
859 2253 992 2324 legeque
1015 2252 1131 2310 inicitur
1147 2253 1203 2310 sie:v
1225 2251 1300 2309 Nulli
1321 2251 1344 2308 si
1366 2251 1455 2308 licen·

625 2346 667 2403 cia
687 2349 826 2420 conjunge
847 2347 895 2406 sue
917 2348 964 2422 (t.
984 2351 1020 2416 X,
1043 2351 1072 2424 8)
1096 2351 1229 2424 quonium
1246 2351 1287 2407 ilii
1310 2349 1456 2407 concordo

625 2461 654 2500 se
676 2461 738 2502 cum
759 2446 831 2517 ista,
862 2448 927 2520 quic
954 2449 1022 2506 dicit
1046 2456 1076 2506 ut
1105 2451 1283 2524 perxnuilum
1306 2448 1455 2520 ingenium

626 2560 683 2598 non
703 2544 777 2617 posit
798 2561 862 2600 omo
885 2547 950 2602 dare
971 2563 1019 2604 suc
1041 2564 1125 2604 uxore
1156 2547 1254 2621 eliquit
1274 2563 1360 2621 super
1378 2563 1470 2603 mor-v

626 2641 725 2714 gincop
747 2649 775 2698 et
795 2645 985 2714 sponsaricio.'

434 2736 463 2794 2.
486 2754 525 2794 m.
602 2737 775 2813 Re(cordure)
794 2742 928 2814 quoniam
948 2760 999 2816 per
1019 2744 1070 2801 isto
1092 2744 1237 2814 legetimus
1259 2743 1374 2800 nostem
1394 2744 1456 2799 lan·

614 2839 751 2908 ,gebardo
773 2847 827 2897 tres
848 2849 894 2898 out
915 2849 1033 2914 quotuor
1044 2849 1126 2900 testes
1138 2843 1289 2901 extendum
1311 2848 1363 2913 est,
1375 2897 1376 2902 ,
1388 2841 1455 2914 quin

627 2936 661 2991 de
684 2940 886 2997 couveneueius
908 2957 965 2996 non
987 2942 1070 2998 debet
1091 2941 1159 2999 clius
1180 2959 1241 2998 esse
1262 2941 1315 2998 nisi
1338 2940 1457 2998 credant

514 3071 517 3078 ·
625 3035 705 3092 umbe
732 3044 823 3109 partes
854 3040 1042 3097 testimonium
1064 3057 1161 3098 eorum
1191 3056 1246 3114 que
1274 3039 1345 3096 sueri
1374 3047 1452 3104 tuuc,

622 3133 695 3204 justu
716 3135 777 3206 lege
799 3143 827 3192 et
847 3138 892 3194 iiic
914 3155 970 3210 que
991 3138 1103 3196 inicitur
1122 3139 1178 3196 sic:
1202 3139 1233 3196 Si
1249 3137 1311 3211 quis
1328 3137 1454 3194 dometio

549 3233 551 3238 ’
624 3229 653 3285 iu
674 3234 818 3302 presencie
845 3235 918 3307 regis
941 3236 1003 3308 (iic.
1028 3236 1072 3312 1),
1104 3244 1131 3293 et
1160 3237 1269 3294 declaro
1291 3236 1365 3292 'istos
1392 3235 1455 3306 lege

623 3328 784 3386 insto*nibil
806 3332 908 3389 suerint
928 3335 992 3391 obet
1011 3340 1065 3392 tres
1087 3336 1189 3394 omine.

454 3465 462 3480 .
543 3463 549 3471 .
596 3426 649 3482 ista
669 3429 758 3498 tangit
779 3430 840 3500 tege
861 3431 966 3488 ieiumi
989 3449 1044 3505 que
1063 3432 1197 3505 incipitur
1216 3431 1274 3488 sic:
1298 3430 1328 3488 Si
1343 3447 1454 3488 servum

624 3539 705 3580 suum
727 3527 870 3598 proprium
896 3536 943 3586 cut
970 3531 1100 3588 cuciilum
1121 3545 1197 3588 suum
1226 3530 1371 3604 proprium
1395 3527 1453 3602 (iio.

577 3603 578 3608 ἵ
622 3619 707 3696 224),
728 3613 816 3682 τεινοζ

596 3719 649 3776 istu
670 3721 715 3776 lex
733 3721 813 3793 'tangi
825 3723 929 3781 rothari
951 3742 1005 3797 que
1017 3726 1130 3782 inicitur
1144 3726 1211 3783 sicz·
1225 3727 1255 3783 Si
1276 3743 1373 3784 servus
1387 3727 1455 3784 dum
1524 3781 1528 3792 ,

622 3817 651 3872 in
674 3818 737 3889 iugc
756 3827 796 3876 est
817 3819 983 3896 (u0.256);
1006 3823 1102 3880 etalio
1123 3825 1183 3895 lege
1195 3841 1249 3898 que
1266 3824 1384 3882 inicitur
1395 3823 1451 3881 sic:

622 3916 663 3970 De
678 3917 762 3973 servis
774 3918 917 3988 fugacibus
928 3917 970 3994 (L.
987 3920 1017 3990 V,
1031 3921 1082 3986 15)
1095 3939 1102 3986 3
1124 3923 1249 3995 loquitur
1265 3924 1300 3980 de
1318 3939 1453 3980 ucocusc.

593 4010 676 4083 (Haec
703 4017 743 4071 dic
770 4020 871 4088 scripto
899 4026 953 4083 θεὴ·
985 4021 1063 4074 cernel
1090 4022 1120 4075 in
1149 4024 1287 4094 mancine.
1317 4023 1399 4078 remei
1423 4023 1455 4077 itt

621 4113 718 4168 enteca
737 4117 840 4171 incerto
860 4118 890 4171 in
915 4123 1010 4172 tntum
1030 4119 1137 4176 codicis.
1178 4117 1213 4175 In
1237 4121 1454 4192 ortitouruphio't

622 4217 722 4267 tectum
743 4216 823 4268 modo
844 4216 913 4270 hunc
932 4218 1012 4270 modo
1032 4217 1108 4272 ilium
1128 4220 1210 4275 secuti
1229 4217 1341 4291 temus.)
1366 4219 1400 4276 Io
1421 4233 1453 4274 cc

620 4307 682 4378 lege
703 4309 812 4368 deciam
833 4317 863 4366 ut
883 4318 962 4382 pater
981 4312 1024 4368 vel
1045 4312 1129 4370 irater
1150 4315 1216 4372 dore
1237 4315 1312 4388 posit
1332 4316 1371 4372 ad
1384 4331 1453 4374 con·

616 4405 746 4477 juugium
772 4414 837 4464 unte
857 4425 897 4464 xu
927 4425 1015 4469 anuos
1043 4427 1092 4468 suu
1119 4411 1238 4470 filia-vel
1267 4429 1385 4479 sorore,
1418 4429 1452 4468 ex

618 4503 680 4575 iege
716 4521 770 4578 que
807 4505 920 4566 inicitur
953 4505 1012 4564 sic:
1053 4508 1260 4570 Aduenientem
1299 4511 1452 4570 vanissime
