3198 5222
426 475 468 538 Μ
509 422 515 433 .

428 655 528 738 ipsum
553 653 790 735 contignationis
818 671 910 734 opus,
943 654 1025 716 undo
1056 653 1141 716 ltsiis
1164 653 1270 712 mtuio:
1301 651 1342 713 de
1371 668 1432 732 qus

429 775 584 850 postremo
625 759 860 848 significatione
882 765 962 828 uihii
999 765 1100 830 adhuc
1136 765 1312 828 referebant
1347 763 1433 846 teges

428 888 560 945 metros.
608 878 736 942 Glossue
767 864 925 942 Cereuses
956 879 1005 964 (v.
1030 879 1171 960 Appeod.
1195 875 1288 960 VIII)
1316 876 1434 938 hebent

423 995 539 1073 plumeo
554 994 591 1054 id
613 1003 653 1052 est
670 994 743 1071 poio
770 993 804 1052 dn
826 994 908 1069 lopo,
943 1011 1024 1074 quae
1055 992 1160 1054 verbn-
1181 989 1269 1072 operi
1300 989 1434 1071 tignario

428 1105 593 1186 perspicue
616 1105 820 1185 respondent,
842 1104 976 1186 ideoque
1000 1087 1279 1186 contignationibus
1301 1102 1386 1183 ipsis.

520 1241 607 1301 Et‘si
630 1243 740 1301 caroius
764 1243 861 1320 secent
884 1261 946 1301 enm
968 1243 1060 1319 pisso,
1093 1243 1139 1302 det
1165 1227 1363 1322 pertremisco
1386 1259 1433 1302 co-

324 1355 329 1362 ’
380 1414 385 1420 ,
428 1357 505 1415 rolos
528 1363 683 1432 quattuor:
708 1373 838 1414 onomius
860 1354 885 1413 ei
907 1373 964 1413 oon
985 1360 1138 1432 repetetur.
1179 1353 1288 1417 Carula
1312 1363 1343 1417 et
1366 1353 1434 1435 ipso

428 1477 587 1547 septorum
610 1465 675 1526 sive
699 1465 906 1527 cancellorum
930 1465 1033 1528 ‘altera
1057 1466 1177 1548 species
1202 1475 1263 1540 est,
1302 1467 1341 1528 de
1373 1485 1434 1547 qun

430 1578 500 1641 vide
523 1577 715 1659 Dueaugium
739 1585 770 1639 et
793 1576 983 1660 Carpentier.
1032 1579 1076 1640 Ad
1106 1587 1241 1641 mentem
1273 1579 1349 1662 legis
1377 1575 1436 1638 fie-

430 1691 505 1751 bnut
534 1706 608 1772 ergo
638 1691 760 1752 reuolue
790 1689 942 1753 distinctis
970 1690 1073 1754 trustis
1106 1689 1169 1774 (det
1197 1711 1250 1772 per
1283 1694 1436 1752 tremissem

431 1805 541 1864 carolos
562 1803 717 1887 quotuor),
741 1823 822 1884 quoe
839 1811 947 1884 postea
962 1803 1079 1866 exactis
1097 1804 1236 1885 pertibus
1261 1824 1321 1865 uno
1341 1821 1436 1884 opere

430 1915 646 1997 iungebantur,
672 1916 716 1976 uti
740 1923 771 1976 et
794 1934 885 1980 nuuc.
931 1915 1002 1977 Vidi
1025 1935 1084 1997 ego
1108 1915 1139 1977 in
1164 1916 1290 1978 basilica
1307 1915 1338 1981 S.
1353 1913 1436 1977 Petri

431 2027 704 2089 Alboe'Fucensis
733 2028 765 2090 iu'
797 2029 913 2109 Aequis
945 2029 1063 2090 caroius
1092 2029 1130 2090 ab
1163 2026 1304 2091 Oderisio
1337 2030 1437 2090 nbate

431 2144 603 2202 exstructus
634 2141 673 2201 ed
704 2159 787 2201 arom
819 2141 996 2202 maximam
1021 2141 1108 2220 (nnn.
1140 2139 1365 2205 ross-1115.
1397 2140 1436 2200 de

433 2250 505 2314 viris
525 2252 570 2318 ill.
601 2250 850 2335 Cessinensibus)
870 2253 1017 2334 pluribus
1042 2253 1213 2335 aequisque
1236 2253 1339 2316 frustis
1364 2271 1436 2314 cou-

431 2365 543 2427 stantio
568 2385 607 2427 ex
631 2385 707 2427 saxo
731 2365 850 2427 coicere
874 2386 971 2449 gypso
988 2365 1061 2427 oiim
1079 2367 1215 2428 inducte.
1239 2364 1438 2426 Credendum

432 2483 479 2537 ost
507 2475 641 2538 artifices
669 2485 791 2539 nostros
811 2477 916 2550 „etiam
945 2477 1064 2540 carolus
1085 2477 1224 2540 'finxisse
1249 2499 1288 2540 ex
1312 2475 1433 2559 argilla,

431 2595 548 2669 easque
560 2617 561 2623 1
573 2607 676 2672 gypso
695 2590 866 2664 induxisse,
893 2610 970 2672 opus
995 2590 1077 2653 enim
1092 2593 1263 2654 testaceum
1280 2592 1438 2672 nunquam

431 2701 462 2760 in
487 2701 639 2782 superiori
663 2701 750 2764 Italia
773 2701 877 2767 detuit.

647 2925 649 2930 ¹
734 2939 790 3008 vl.
823 2938 872 3033 De
897 2941 1138 3010 Marmorarios.
1190 2927 1192 2932 ’

522 3119 654 3188 CLXIV.
700 3121 736 3184 st
761 3123 825 3200 pus‘s
851 3141 923 3182 ones
951 3137 1125 3186 marmoreos
1153 3126 1267 3203 secero,
1307 3125 1353 3186 det
1382 3142 1434 3202 per

433 3235 540 3297 miidos
556 3237 721 3312 rusovpedcs
743 3235 836 3296 XXV.
883 3237 982 3314 Axos,
1015 3237 1082 3298 sine
1105 3255 1244 3316 asseres,
1274 3237 1437 3298 marmorei

435 3341 546 3425 (moute,
573 3347 693 3408 tostroni
715 3347 886 3432 diuturno)
920 3349 1111 3430 respondent
1140 3357 1279 3413 veterum
1310 3348 1435 3413 crustis:

433 3456 571 3535 pretinm
599 3457 688 3520 unius
722 3459 812 3522 solidi
846 3458 997 3524 habeatur
1029 3481 1085 3542 pro
1116 3462 1258 3542 pedibus.
1280 3461 1437 3544 quadratis

435 3585 509 3634 xxv.
536 3567 723 3635 huic-euim
744 3572 830 3652 operi
851 3593 916 3653 pro·
936 3572 1032 3636 nihilo
1062 3581 1109 3636 est
1123 3573 1302 3638 crassitudo
1326 3573 1439 3656 quatis-

437 3699 570 3761 cumque
587 3682 645 3754 sit,
670 3682 845 3763 superficiei
860 3686 943 3749 enirn
957 3685 1173 3766 explanandae
1187 3693 1218 3746 ct
1231 3685 1437 3766 expolieodne

434 3792 695 3866 tautumcuoiert
718 3795 840 3859 artifex.
883 3795 994 3861 Habito
1019 3796 1211 3878 reliquorum
1234 3797 1366 3878 operuiu
1386 3809 1439 3859 'rn-

434 3902 519 3967 tione
542 3904 636 3968 reieci
659 3905 826 3972 tectionem
851 3909 908 3970 XV
922 3911 1047 3986 pedum,
1081 3909 1253 3991 decemque
1285 3909 1363 3972 ulios
1386 3923 1465 3991 pes

430 4016 490 4078 dos
512 4017 611 4082 odied
635 4019 672 4080 ud
697 4020 884 4100 optimorum
907 4019 1176 4086 cerimonem.
1239 4055 1241 4062 ·

522 4129 562 4188 Et
584 4132 608 4190 si
630 4133 774 4194 eoinocnos
796 4134 894 4210 feccrit
916 4134 950 4204 de
969 4137 1053 4212 ¹pedes
1076 4145 1229 4212 puoternos
1251 4145 1303 4197 aut
1326 4137 1436 4214 quinos,

435 4242 479 4300 det
495 4261 549 4319 per
571 4246 696 4307 tremisse
721 4247 866 4306 rotumum
880 4257 963 4312 ‚treus
978 4309 980 4314 ,
998 4267 1129 4308 unnonos
1156 4249 1181 4306 ei
1206 4267 1264 4308 non
1285 4257 1437 4326 reputetur.
1463 4255 1467 4271 '
