3198 5222
469 559 607 606 nnmruu
630 559 696 606 ean.
733 555 833 600 s—u.
1151 539 1213 601 125

157 713 228 767 mine
248 713 351 782 quinto,
375 714 419 768 die
439 713 616 768 bolonianum
634 713 813 778 martiorum,
835 712 984 766 indictione
1004 712 1126 782 septimo,
1150 727 1213 766 cou-

156 811 257 866 uoootis
278 825 316 866 esc
344 811 459 865 ¹diuersis
485 806 610 880 portibus
638 811 716 881 requi
741 811 829 865 nostri
848 811 1042 879 pertinentibus
1062 810 1212 880 judicibus,

158 923 293 964 mutuae
320 909 460 964 consilium
479 910 510 963 in
529 907 623 964 Edisti
641 910 746 979 papirio
766 909 850 980 odfiqi
870 910 1011 964 statuimus
1036 925 1087 978 que
1111 908 1213 978 precel-

157 1007 255 1061 lentiee
274 1014 363 1061 nostre
377 1006 461 1076 jacito
481 1005 568 1061 Deum
583 1007 659 1076 justo
680 1013 896 1076 conposuerunt,
915 1008 1043 1076 quatinus
1063 1013 1088 1062 et
1103 1008 1214 1077 justitio

156 1112 279 1172 moneat,
293 1111 345 1159 eto
359 1110 514 1159 metrorum
519 1103 755 1173 iudicumjurlicio
765 1107 852 1159 euenit
861 1105 1012 1160 obscuritas
1024 1106 1211 1162 iasluminetus.

236 1197 290 1272 (ts)
319 1202 382 1258 10.
409 1200 568 1256 Recolimus
595 1199 670 1254 enim
698 1199 727 1255 in
749 1198 896 1256 anterioris
918 1201 1007 1256 Edicit
1029 1201 1131 1273 pagina
1153 1217 1213 1257 esse

154 1297 300 1361 insertum,
324 1304 353 1353 ul
373 1297 396 1353 si
417 1297 502 1352 irater
521 1296 664 1353 decederit
683 1297 789 1369 absque
811 1297 885 1367 liliis,
908 1298 1035 1367 filiabus,
1059 1305 1086 1354 ct
1104 1315 1213 1355 sorores

154 1394 329 1468 relinquerit,
352 1395 428 1467 ipsae
450 1393 476 1450 ei
498 1393 615 1448 heredes
636 1394 826 1459 succederint;
850 1409 915 1450 nam
936 1395 1079 1452 amedanis
1099 1409 1213 1452 suenum

154 1501 289 1565 nepotum
313 1492 504 1566 posessionem
531 1507 630 1563 capere
658 1491 822 1546 nullumodo
851 1492 1002 1564 potebant,
1045 1493 1110 1566 quia
1142 1490 1212 1548 nibil

155 1591 189 1646 de
210 1591 317 1647 eisdem
338 1589 519 1647 am'edanibus
540 1589 617 1660 prior
631 1589 793 1646 continebat
807 1589 933 1658 Edictus,
962 1589 1015 1646 nisi
1036 1598 1084 1648 aut
1103 1607 1214 1647 sorores

156 1696 201 1744 aut
221 1697 351 1760 parentes
372 1687 523 1761 propinqui
545 1686 746 1744 succedebant:
770 1694 797 1743 et
817 1688 884 1746 dum
904 1689 1086 1746 remanebant
1112 1689 1142 1745 in
1169 1705 1215 1746 ca·

156 1787 241 1858 pillo,
265 1785 293 1842 in
316 1803 378 1843 casa
399 1776 558 1843 inordinate
580 1786 717 1867 patientes
740 1786 946 1842 neccessitatem
968 1786 1103 1842 servisse
1129 1795 1215 1858 cepuss

155 1884 258 1942 labant.
300 1884 379 1954 ldeo,
401 1885 461 1939 Deo
483 1883 564 1954 nabis
582 1883 776 1956 inspirantem,
801 1890 919 1941 statuere
938 1884 1117 1957 previdimus,
1140 1885 1212 1940 utel

154 1982 216 2054 quis
237 1982 439 2053 Langobardus
468 1980 592 2037 moriens
614 1997 742 2037 sororem
761 1997 845 2037 unam
873 1988 920 2038 aut
941 1983 1033 2053 plures
1054 1982 1083 2038 in
1111 1978 1213 2056 capillo

154 2079 183 2135 in
205 2095 268 2136 casa
289 2078 444 2152 reliquerit,
468 2087 496 2135 et
516 2079 604 2136 filium
620 2093 706 2138 unum
728 2085 775 2134 ant
789 2081 893 2152 plures,
917 2079 967 2135 tilii
985 2079 1072 2151 ipsius
1092 2080 1214 2136 debeant

150 2193 324 2249 perpensare
345 2176 464 2250 qualiter
478 2197 479 2204 ¹
494 2177 643 2234 amedanes
665 2192 763 2233 eorum
783 2177 887 2250 absque
909 2177 1099 2236 necessitatem
1120 2177 1212 2234 vivere

154 2283 269 2346 possent
279 2275 431 2331 secundum
443 2275 605 2348 qualitatem
615 2275 783 2358 substantiae
794 2291 871 2344 suae,
895 2283 925 2330 ut
934 2276 1084 2332 amedancs
1101 2275 1212 2332 illorum

153 2371 338 2442 indigentiam
358 2389 416 2427 non
438 2374 579 2444 patiantur
600 2389 691 2446 neque
712 2373 872 2437 devictum,
897 2388 988 2445 neque
1009 2374 1045 2429 de
1064 2373 1213 2432 vestimen-

154 2477 222 2538 tum,
247 2470 393 2542 neque'de
415 2470 609 2540 calciamento,
633 2470 682 2526 sed
703 2487 756 2526 nec
777 2471 812 2526 de
833 2470 998 2543 obsequium
1019 2487 1117 2538 suumr
1141 2479 1169 2527 et
1189 2471 1211 2528 si

152 2567 181 2622 in
204 2581 283 2624 sacro
304 2567 473 2624 monasterio
496 2568 547 2624 sub
568 2573 668 2624 statuta
690 2569 785 2640 regula
806 2568 896 2625 vivere
917 2571 1066 2640 voluerint,
1089 2571 1125 2628 ab
1145 2569 1212 2642 ipsis

152 2665 209 2721 suis
230 2665 378 2738 nepotibus
399 2665 564 2722 ordinentur
585 2672 615 2722 ut
635 2665 695 2721 illis'
708 2667 863 2738 praevisum
879 2667 962 2723 luerit
982 2675 1029 2724 aut
1040 2668 1211 2727 convenerit.

152 2763 182 2820 Si
201 2770 296 2838 autem
314 2763 433 2836 predicti
455 2770 571 2837 nepotes
593 2764 764 2821 decesserint
784 2767 889 2838 absque
910 2753 992 2831 liliis,
1016 2767 1141 2832 filiabus,
1165 2758 1212 2823 aut

153 2861 286 2931 intestati,
310 2858 339 2917 et
358 2877 468 2920 sorores
489 2861 665 2936 reliquerint,
688 2864 832 2922 amedanis
853 2881 950 2921 eorum
971 2881 1026 2938 que
1047 2864 1075 2920 in
1098 2881 1161 2924 casa
1179 2865 1211 2921 in
1318 2869 1327 2884 '

152 2959 254 3033 capillo
284 2949 470 3016 remanserint
495 2976 558 3018 cum
588 2959 660 3033 ipsas
690 2968 805 3034 nepotas
826 2977 888 3018 suas
915 2962 945 3018 in
972 2962 1055 3018 rebus
1076 2967 1210 3035 nepotum

152 3063 180 3112 et
202 3058 315 3114 fratrum
336 3059 486 3114 succedant
503 3057 643 3133 equaliter
663 3066 886 3132 quantecumque
907 3059 1020 3120 inerint.
1098 3057 1099 3064 ’

233 3152 299 3228 (Π.)
320 3157 374 3211 11.
396 3156 553 3212 Anterioris
573 3155 664 3215 Edicti
685 3154 788 3227 legitur
807 3156 939 3230 kapitula,
963 3163 993 3213 ut
1013 3158 1036 3214 si
1056 3158 1120 3231 quis
1137 3159 1210 3214 Lan-

153 3254 293 3323 gobardus
315 3253 502 3325 pertinentem
523 3271 603 3312 suum
624 3255 653 3310 in
679 3263 806 3328 quartam
831 3253 1119 3312 manum'traditlerit
1145 3261 1208 3312 eta

152 3367 181 3406 se
192 3352 296 3408 emund
305 3350 416 3419 iecerit,
440 3359 487 3408 aut
502 3352 575 3408 circa
587 3353 683 3409 altario
700 3353 897 3410 deducendum
906 3353 1042 3410 sacerdoti
1053 3353 1207 3422 tradiderit,

152 3449 234 3504 soluti
257 3449 290 3504 ab
311 3449 387 3504 omni
409 3449 573 3506 conditione
594 3449 732 3507 servitutis
752 3451 952 3523 permanerint.
998 3451 1053 3508 Sed
1075 3443 1208 3524 quoniam

152 3547 272 3618 perversi
286 3546 415 3602 homines
429 3547 619 3604 benefactores
639 3563 703 3605 suos
717 3555 829 3622 accepta
848 3548 975 3606 libertate
989 3550 1206 3623 postponebant,

151 3651 178 3698 et
199 3644 250 3716 ipsi
272 3660 335 3699 eum
357 3645 535 3717 postmodum
555 3645 674 3703 retinere
697 3661 874 3720 nequequam
895 3647 1033 3712 valebant,
1058 3648 1136 3704 multi
1159 3647 1209 3702 ho·

152 3741 236 3797 minis
261 3741 383 3798 timentis
410 3759 444 3798 ne
471 3743 512 3799 sui
540 3744 633 3800 liberti
662 3761 710 3800 ecs
736 3751 954 3818 postponerent,
985 3745 1139 3801 libertatem
1167 3744 1207 3800 eis

152 3840 242 3896 lacere
264 3839 456 3900 obmittebant.
482 3841 636 3914 Propterea
656 3843 809 3913 statuimus,
832 3851 863 3898 ut
882 3843 904 3900 si
926 3843 989 3915 quis
1008 3842 1207 3912 Langobardos

153 3939 340 4010 pertinentem
361 3954 441 3994 suum
462 3939 589 4010 tbingare
611 3940 729 3995 voluerit
749 3939 778 3995 in
800 3948 896 4012 quarta
923 3957 1025 4008 manu,
1056 3946 1084 3994 et
1103 3940 1206 3996 cartola

152 4036 193 4093 illi
214 4037 321 4106 lecerit,
345 4045 372 4092 et
386 4036 439 4093 sibi
452 4036 629 4093 reservaverit
649 4037 791 4093 servilium
807 4036 894 4108 ipsius
909 4037 974 4094 dum
991 4037 1082 4100 adbuc
1098 4036 1204 4105 vixerit,

152 4139 180 4189 et
200 4135 354 4202 decreverit
374 4141 405 4189 ut
424 4142 487 4206 post
500 4134 614 4191 nbidum
635 4134 694 4207 ejus
714 4134 786 4191 liber
806 4134 855 4191 sit:
878 4135 1005 4191 stabilem
1023 4135 1125 4192 debeat
1145 4150 1207 4206 per·

152 4219 266 4288 manere
293 4231 446 4288 secundum
474 4239 548 4288 textu
578 4232 682 4289 cartule
713 4247 796 4304 quam
823 4232 848 4288 ei
870 4231 981 4298 iecerit3
1015 4232 1079 4304 quia
1103 4233 1206 4305 justum

153 4330 235 4386 nobis
255 4329 356 4402 paruit,
378 4335 409 4385 ut
428 4329 513 4386 homo
534 4315 742 4387 benefactorem
764 4346 844 4386 suum
857 4329 965 4385 vivente
985 4346 1049 4386 eum
1068 4329 1206 4385 dimittere

152 4443 212 4484 non
231 4427 341 4485 debeat.
382 4427 452 4484 Nam
480 4428 527 4500 qui
548 4428 578 4485 in
599 4427 716 4485 ecclesia
736 4427 856 4486 liberum
883 4427 1019 4485 dimiserit
1037 4443 1089 4502 per
1108 4441 1207 4484 manus

151 4523 315 4591 sacerdotis,
339 4524 377 4581 sic
398 4531 509 4582 maneat
529 4524 553 4581 ei
575 4526 688 4584 libertas
708 4523 778 4583 sieut
799 4522 922 4584 anterior
937 4523 1052 4584 Edictus
1073 4520 1206 4584 contenit.
