3172 5228
408 453 450 516 80
784 474 970 519 armannum
993 473 1083 524 naurs

405 640 454 702 li
473 639 550 680 “illm
569 624 670 702 fuimns
691 626 756 684 certi
773 627 810 679 od
825 627 1036 690 temninemdum,
1058 629 1155 708 nediu
1166 627 1376 700 Edietiooopore
1396 637 1461 684 onio

405 725 539 787 intertum
563 724 679 792 proinde
709 724 877 792 providimus
904 740 953 780 eos,
977 739 1060 793 usque
1088 727 1126 780 od
1153 726 1223 780 diem
1249 729 1461 800 suprascriptum
1562 723 1563 736 *

302 844 306 853 ·
406 822 583 888 kalendorum
602 820 764 874 mertiorum
784 823 965 890 suspendere„
977 823 1041 876 dum
1060 839 1143 894 usque
1162 825 1248 879 nostri
1268 827 1306 878 nd
1325 841 1373 889 nos
1392 840 1459 880 coeo-

401 922 542 992 junpeoint
557 919 673 990 judecis,
697 925 720 972 el
740 935 797 974 unu
818 935 876 975 eum
896 920 962 988 ipsis
983 927 1083 975 eertum
1098 921 1139 976 idi
1151 923 1295 978 terminum
1308 925 1461 978 deveremus

404 1020 546 1089 inperante,
570 1018 642 1072 dode
659 1022 752 1086 postem
772 1015 847 1070 nullo
867 1023 932 1070 esset
951 1017 1075 1086 intentio,
1098 1021 1166 1074 siout
1187 1027 1211 1074 et
1230 1020 1332 1088 {netum
1351 1027 1403 1089 eet,
1432 1028 1460 1075 et
1562 1025 1563 1028 ’

405 1116 495 1172 subter
514 1115 637 1186 loquatur
658 1114 792 1183 capitulo:
813 1115 932 1182 primum
952 1116 1071 1173 omnium

485 1211 539 1285 (1.)
581 1211 646 1268 65.
688 1211 728 1266 De
759 1227 794 1265 eo
824 1210 872 1282 qui
895 1209 980 1266 filiam
1010 1211 1039 1267 in
1061 1213 1162 1284 capillo
1183 1213 1211 1268 in
1234 1231 1295 1270 oasa
1316 1215 1457 1278 habuerit,
1562 1223 1563 1256 ἑ

404 1309 543 1374 etlilium
562 1325 621 1363 non
641 1309 787 1380 reliquerit
807 1309 989 1378 legetimum,
1021 1316 1053 1364 ut
1080 1311 1115 1367 de
1146 1312 1230 1368 rebus
1259 1313 1317 1368 suis
1337 1312 1459 1384 amplius

405 1425 454 1480 per
475 1407 584 1462 nullum
606 1406 715 1462 titolum
732 1406 864 1477 cuiquam
877 1422 934 1479 ‘per
952 1407 1133 1465 donationem
1154 1415 1203 1466 aul
1222 1425 1273 1482 pro
1294 1410 1385 1467 anima
1406 1427 1459 1466 sua

405 1505 494 1562 iacere
514 1504 611 1577 possit,
637 1503 688 1560 nisi
710 1503 796 1578 partis
818 1505 904 1570 duas;
934 1505 1014 1560 tertia
1035 1523 1100 1562 vero
1121 1507 1262 1580 relinquat
1281 1508 1355 1564 filiae
1375 1525 1456 1578 suae,
1562 1535 1563 1592 }

403 1603 475 1660 sient
497 1603 555 1677 jam
581 1602 722 1675 gloriosae
740 1603 892 1660 memoriae
921 1604 1048 1660 floream
1075 1622 1124 1660 rex
1144 1605 1271 1662 instituit.
1313 1605 1459 1678 Quia-qui

403 1701 482 1758 thinx
504 1700 583 1769 lacit,
606 1707 634 1756 et
654 1703 753 1772 postea·
770 1701 857 1756 liliam
872 1700 1019 1770 nascitur,
1052 1703 1081 1758 in
1108 1704 1217 1760 tertiam
1237 1710 1343 1776 partem
1363 1704 1457 1776 ipsum

401 1798 623 1870 thina-rumpit,
655 1801 811 1868 seeundum
837 1799 1005 1856 anteriorem
1026 1800 1177 1867 Edictum3
1204 1809 1233 1858 et
1260 1801 1284 1858 sl
1311 1803 1382 1858 duas
1407 1809 1459 1858 aut

401 1896 536 1968 amplius,
559 1895 805 1953 inmediaetate:
825 1895 889 1952 ideo
912 1914 995 1978 nos„
1015 1899 1083 1954 dnm
1103 1899 1132 1955 in
1152 1899 1214 1972 ipso
1235 1899 1334 1956 Edicto
1354 1899 1459 1969 legitur

402 1995 437 2050 de
458 1995 554 2058 thirtx,
585 1994 662 2066 quod
683 2000 723 2082 est
744 1994 879 2062 donatio,
913 1996 995 2051 nobis
1022 1997 1148 2068 conperit
1175 1997 1252 2069 quod
1279 2012 1329 2069 per
1349 1997 1457 2052 nullam
1562 2061 1563 2072 χ

401 2093 581 2148 donationem
604 2108 655 2148 neo
671 2107 720 2162 per
735 2092 878 2160 launegild
900 2093 986 2165 possit
1000 2093 1088 2150 liliam
1100 2111 1178 2150 suam
1195 2095 1230 2150 de
1246 2095 1335 2166 ipsam
1347 2095 1457 2150 tertiam
1562 2087 1563 2104 l

400 2191 560 2262 portionem
580 2189 750 2245 substantiae
772 2205 837 2266 suae
859 2189 997 2246 exhereda
1019 2191 1126 2262 lacere,
1150 2193 1220 2248 etsi
1242 2181 1311 2251 duas
1331 2200 1457 2261 aut-am·
1562 2223 1563 2226 ¹

401 2289 475 2363 plius
496 2288 616 2356 luerent,
638 2287 673 2343 de
695 2287 901 2344 mediaetatem.
1246 2355 1248 2362 Α
1401 2369 1403 2374 ι
1562 2349 1563 2364 ¹

481 2383 544 2460 (11.)
578 2386 644 2442 uu.
674 2385 715 2439 De
737 2385 858 2441 liberum
879 2384 1023 2442 hominem
1044 2385 1229 2458 quioxorem
1251 2388 1286 2442 de
1307 2403 1385 2442 servo
1406 2393 1457 2442 aut
1562 2373 1563 2420 ³

401 2485 435 2540 de
456 2484 569 2540 aldione
589 2499 661 2550 suo,
685 2481 791 2538 vivente
813 2483 874 2555 ipso
895 2483 1010 2547 marito,
1039 2483 1151 2552 tolerit,
1173 2489 1201 2539 et
1219 2483 1295 2553 filius
1316 2491 1364 2540 aut
1384 2483 1456 2538 filias
1562 2521 1563 2560 q

352 2591 354 2607 ¹
401 2582 503 2640 exinde
525 2580 580 2636 nati
604 2580 729 2645 luerent,
759 2579 913 2636 nullatinus
942 2580 968 2636 ei
985 2581 1105 2636 heredis
1132 2582 1298 2650 succedant,
1332 2582 1386 2637 seu
1403 2597 1456 2639 nee
1562 2603 1563 2638 3

400 2679 555 2740 libertatem
576 2692 655 2740 suam
670 2677 803 2746 habeant,
825 2693 878 2734 nee
898 2680 1073 2750 pernullnm
1090 2679 1173 2749 genio
1195 2679 1221 2734 ei
1242 2678 1276 2734 de
1289 2679 1375 2740 rebus
1396 2679 1460 2737 suls

400 2777 500 2850 aliquit
520 2776 611 2832 faeere
633 2776 737 2847 possit3
761 2775 827 2848 qula
849 2775 878 2832 in
896 2775 1011 2834 durium
1028 2777 1104 2834 uenit
1120 2793 1231 2832 eausam
1250 2778 1354 2849 ipsam,
1376 2776 1456 2848 eujus

400 2873 475 2936 lilius
495 2881 543 2931 aut
563 2873 619 2930 lilia
640 2873 694 2941 sit,
718 2874 831 2946 quando
852 2875 935 2934 ambo
957 2873 1066 2944 virent,
1097 2881 1124 2930 et
1145 2874 1276 2930 dominns
1298 2882 1325 2930 et
1345 2891 1453 2943 servus,
1562 2889 1563 2920 ἢ

400 2972 449 3044 qui
471 2978 534 3028 ante
555 2971 653 3027 habuit
672 2977 700 3026 et
719 2971 768 3044 qni
791 2977 887 3043 postea
909 2971 980 3028 tolit.
1057 2995 1059 3000 ·
1095 2985 1097 2990 ·
1137 3009 1139 3016 ,

392 3081 412 3123 st
444 3099 446 3103 .
479 3068 559 3146 (111.)
580 3071 640 3127 61.
664 3069 692 3125 Si
715 3068 778 3141 quis
799 3069 845 3124 alii
867 3069 1148 3152 cantionemlleoerit,
1172 3076 1199 3125 et
1220 3084 1276 3126 non
1295 3069 1323 3126 ei
1346 3069 1456 3140 obliga-

398 3167 468 3231 v'erit
484 3169 523 3224 ‘de
543 3167 627 3223 rebus
649 3166 717 3235 suis,
742 3165 795 3222 nisi
818 3166 922 3222 dixerit
942 3168 971 3222 in
993 3167 1051 3239 ipsa
1068 3166 1269 3226 cautionemin
1282 3169 1454 3238 quibusoam·
1562 3155 1563 3224 J

395 3283 448 3338 que
468 3268 545 3323 rebus
559 3268 651 3336 ,ipsine
670 3268 794 3321 inuenire
809 3269 936 3337 potuerit,
960 3273 988 3322 et
1001 3277 1095 3338 postea
1111 3265 1268 3321 vindederit
1281 3265 1329 3321 alil
1346 3265 1455 3320 homini
1562 3253 1563 3270 *

397 3365 432 3422 de
454 3364 538 3428 rebus
554 3361 626 3428 suis,
650 3363 751 3419 habeat
771 3363 830 3435 ipse
849 3363 903 3434 qui
922 3379 968 3418 eas
984 3363 1066 3428 emit;
1090 3379 1154 3420 nam
1174 3363 1197 3418 si
1216 3363 1352 3432 obligatae
1370 3361 1455 3417 luerit
1562 3419 1563 3436 χ

398 3461 601 3530 nominativae,
625 3475 681 3515 non
693 3477 753 3527 eas
769 3461 857 3532 possit
882 3461 996 3516 vindere
1017 3461 1087 3516 dum
1104 3461 1193 3532 ipsam
1213 3461 1373 3518 cautionem
1393 3475 1453 3514 non
1562 3455 1563 3468 ¹

397 3559 542 3618 sanaverit.
563 3558 600 3614 Et
609 3558 657 3630 qui
669 3558 829 3615 cautionem
841 3559 932 3616 faeere
943 3559 1071 3628 voluerit,
1093 3564 1141 3614 aut
1149 3558 1339 3614 nominatibae
1350 3557 1454 3613 oblinet
1562 3597 1563 3622 2

398 3658 432 3713 de
453 3657 536 3712 rebus
557 3655 615 3712 suis
636 3656 756 3729 qualiter
781 3657 854 3712 inter
880 3673 928 3712 eos
957 3655 1134 3724 convenerit,
1166 3662 1214 3711 aut
1239 3655 1321 3711 iaciat
1341 3657 1371 3710 in
1392 3654 1453 3726 ipsa

396 3755 554 3818 canineam
575 3754 610 3810 m
626 3755 707 3815 antis
721 3737 826 3823 rende*
839 3741 975 3826 quanam
996 3754 1025 3809 an
1045 3753 1093 3811 ern
1114 3752 1177 3808 uiae
1194 3752 1277 3810 sorau
1293 3753 1347 3826 ipsa
1358 3752 1451 3810 luerit

476 3850 571 3926 (1111)
602 3853 666 3910 68.
696 3853 737 3908 De
759 3851 939 3918 aldionibus,
969 3851 1019 3923 qui
1050 3851 1085 3906 de
1106 3863 1225 3922 persona
1255 3865 1304 3907 sua
1332 3849 1452 3906 aldionis

395 3957 470 4016 sunt,
493 3951 516 4008 si
536 3949 631 4023 aliqua
647 3948 817 4022 conpellatio
840 3951 910 4006 lecta
930 3948 1024 4020 luerit,
1048 3956 1166 4021 patrono
1188 3949 1247 4021 ejus
1268 3965 1334 4004 eum
1355 3947 1453 4004 delen-

396 4048 452 4114 dat,
476 4055 523 4105 aut
544 4063 594 4121 per
614 4054 820 4119 sagramentum
841 4055 889 4104 ant
910 4064 959 4120 per
980 4064 1119 4120 pugnam,
1143 4047 1233 4119 qualis
1253 4061 1337 4102 causa
1358 4045 1451 4104 luerit

475 4142 535 4220 (V.)
557 4147 631 4203 090'
654 4146 683 4201 Si
705 4145 795 4202 aldius
816 4145 1019 4218 cujuscumque
1039 4145 1068 4200 in
1091 4160 1152 4201 casa
1174 4143 1287 4201 alterius
1309 4143 1451 4200 nesciente

395 4243 510 4300 domino
532 4259 583 4300 suo
604 4242 702 4308 luerit,
730 4256 800 4299 ¹etatae
826 4243 956 4299 inventus
983 4241 1066 4298 luerit
1086 4242 1125 4298 sic
1146 4244 1244 4298 deveat
1268 4240 1335 4297 dare
1364 4241 1450 4297 homo

393 4341 453 4414 ipse
474 4341 532 4414 qui·
545 4357 610 4397 enm
630 4340 759 4398 hahuerit
779 4355 889 4414 operas,
912 4339 1057 4414 quomodo
1077 4346 1106 4396 et
1127 4341 1162 4396 de
1183 4351 1272 4398 servo.

741 4471 871 4512 mulcta
891 4473 928 4513 DE
949 4469 1022 4514 ΔΝΝΟ
1043 4471 1103 4514 1111.
