3198 5222
1122 536 1161 600 at

157 709 190 771 ln
214 708 321 790 primis
344 711 532 772 mouendum
563 720 610 772 est
638 711 691 774 illa
716 717 817 775 aetate
842 709 1000 776 columnas
1022 711 1091 774 fieri
1114 722 1160 776 te-

158 821 332 895 nuissimas,
359 840 541 906 parvaeque·
560 823 745 886 altitudinis:
780 826 883 887 omnia
914 820 1083 906 porticibus
1103 846 1165 889 cm
1206 879 1207 884 ,

159 931 304 996 lnmuatis
328 935 516 998 circumdata
541 945 619 997 sunt
642 937 789 999 caraedia
819 937 850 998 in
874 937 1035 1000 coenobiis
1059 958 1164 1001 meua·
1200 1015 1205 1022 x

159 1049 286 1110 ebomm
311 1047 340 1112 S.
366 1046 523 1108 Benedicti
548 1047 678 1128 abipso
703 1047 748 1110 lx
766 1058 802 1111 et
827 1049 896 1110 Vlll
920 1051 1057 1117 saeculo,
1085 1069 1163 1132 quo·

159 1181 233 1222 rum·
250 1158 345 1220 multa
369 1158 498 1220 visenda
522 1159 624 1221 adhue
647 1167 754 1222 extant
777 1161 906 1232 Romae,
917 1162 1073 1230 Panormi,
1090 1165 1165 1224 Are·

159 1273 233 1345 late,
253 1269 422 1352 Sublaquei
435 1271 586 1354 alibique,
602 1271 655 1333 ubi
666 1273 850 1335 columellae
860 1283 931 1336 sunt
948 1295 1031 1355 quae
1041 1275 1165 1357 saepius

159 1383 248 1446 metri
272 1383 374 1466 gallici
397 1383 591 1446 altitudinem
606 1405 667 1446 uon
683 1385 847 1468 attingunt,
875 1387 937 1448 imo
960 1385 1025 1448 lere
1043 1407 1165 1469 semper

158 1495 369 1578 depressiores
393 1504 474 1569 sunt,
506 1497 657 1559 diametro
681 1498 762 1560 inter
785 1507 914 1562 sextam·
930 1507 962 1562 et
982 1517 1097 1562 nonam
1121 1501 1165 1562 al-

158 1609 298 1673 titudinis
320 1616 456 1690 pertem3
483 1629 553 1672 raro
577 1629 652 1672 vcro
667 1611 781 1676 dictam
795 1616 973 1675 mensnram
997 1614 1162 1686 excedunt,

160 1723 203 1785 uti
227 1724 360 1788 Arelate.
407 1723 455 1783 Ex
478 1722 591 1806 quibus
615 1724 786 1797 mensuris,
819 1743 934 1786 novum
965 1725 1053 1788 adest
1076 1745 1167 1807 argu·

159 1844 296 1900 mentum
321 1836 359 1900 ad
383 1834 579 1916 probandum
608 1854 736 1898 romano
760 1837 842 1917 pede
870 1857 942 1899 usos
974 1845 1048 1899 tuuc
1071 1837 1166 1900 fuisse

160 1949 373 2032 quadratarios
397 1955 428 2008 et
451 1945 622 2030 lapicidas,
656 1949 728 2029 quia
760 1949 922 2011 columnae
946 1959 1167 2031 quaternorum

159 2063 209 2124 vel
243 2061 407 2143 quinorum
438 2060 551 2140 pedum
581 2061 771 2141 respondent
805 2070 891 2126 meu.
924 2060 1042 2143 gallicis
1068 2062 1166 2130 1,170

156 2175 209 2236 »vel
235 2172 355 2246 1,t75,
386 2190 467 2254 quae
491 2171 620 2236 altitudo
651 2172 732 2238 iuter
760 2173 929 2246 maximas,
965 2193 1022 2254 pro
1058 2174 1168 2236 aetatis

159 2285 395 2365 consuetudine,
413 2292 492 2358 eret,
509 2293 540 2348 et
562 2285 607 2346 ab
626 2285 709 2346 omni
725 2285 787 2347 ali-a
803 2305 946 2348 mensura
968 2286 999 2346 iu
1017 2285 1166 2346 maiorem

161 2399 254 2462 etiam
278 2396 502 2480 longitudinem
526 2398 720 2462 duceremur.
767 2397 880 2465 Habita
911 2397 1002 2477 pretii
1030 2381 1164 2470 ratione,

162 2531 218 2597 pro
241 2529 330 2572 more
350 2508 494 2591 praefero
517 2509 657 2576 ecdicum
682 2508 870 2583 lectionem,
904 2497 1059 2572 annonam
1094 2510 1168 2570 arti·

161 2623 211 2686 liei
234 2623 445 2704 reputandam
461 2642 524 2684 uon
549 2642 626 2686 esse,

403 2853 408 2860 -
505 2811 576 2880 Vll.
610 2765 659 2880 Dc
682 2815 824 2904 furnum.

250 2961 368 3024 CLXII.
399 2959 432 3020 Si
462 2979 526 3024 cero
557 2962 676 3038 furuum
706 2963 750 3020 in*
755 2962 863 3040 pensile
886 2979 950 3020 cum
973 2965 1105 3022 caecabor
1128 2965 1146 3040 s
1156 2995 1169 3007 -

163 3077 242 3147 ceris,
274 3082 324 3138 etc.
371 3071 429 3133 dlii
460 3071 718 3151 codicespenrelc
746 3071 882 3144 habent,
914 3071 966 3132 alii
985 3055 1086 3152 pisile,
1118 3073 1169 3134 alii

161 3187 322 3266 inponetis:
359 3192 406 3248 est
436 3190 539 3246 autem
566 3186 650 3264 pisile
679 3203 749 3246 area
784 3183 928 3246 vestiaria
953 3184 1113 3268 (buccege
1137 3186 1168 3246 in

159 3296 291 3382 paulic),
327 3316 409 3382 quae
441 3317 503 3358 vox
535 3296 596 3360 cito
624 3303 656 3358 et
687 3317 727 3359 ex
756 3297 823 3378 ipsa
847 3296 892 3358 rei
916 3303 1026 3358 natura
1050 3291 1168 3376 siguifi-

163 3411 245 3474 cevit
273 3410 384 3474 cellam
412 3409 511 3490 ipsam
542 3409 595 3471 ubi
626 3429 705 3472 arca·
729 3409 802 3490 sita,
839 3428 921 3491 quae
943 3408 1025 3490 aped
1049 3408 1170 3490 Lange·

162 3523 276 3586 bardos
299 3541 358 3584 nec
381 3521 483 3604 ampla
507 3541 566 3584 uec
589 3530 768 3603 sumptuosa
793 3528 1017 3602 essepoterat.
1051 3521 1171 3582 Furens

163 3653 239 3698 vero
261 3634 293 3694 in
317 3632 396 3696 cella
425 3632 570 3695 vestiaria
600 3633 798 3696 collocandus
822 3633 901 3696 erit‘t
935 3653 1016 3696 aune
1050 3633 1171 3714 preele-

164 3747 261 3810 renda
283 3745 376 3810 lectio
394 3748 504 3826 possete
518 3730 577 3807 'vel
599 3748 752 3826 impanatio,
780 3750 861 3827 quae
875 3744 1000 3807 furnum
1017 3744 1170 3824 pensilem

163 3856 346 3942 praebebit,
376 3857 506 3922 honest
529 3878 547 3921 a
575 3859 646 3921 solo
670 3859 807 3921 eletum‘l
852 3857 939 3920 llaec
969 3855 1044 3918 mihi
1075 3856 1172 3936 inagis

166 3973 318 4047 arrident,
349 3977 490 4056 putoque
517 3970 641 4035 furnum
670 3971 847 4055 impositum
876 3968 971 4032 luisse
1000 3976 1171 4031 structurae

166 4083 381 4152 caementitiae
410 4084 507 4147 ternis
536 4091 589 4148 aut
618 4083 777 4166 quaternis
805 4081 946 4164 postibus
969 4080 1100 4162 lapideis
1122 4100 1171 4142 ro-

166 4198 306 4273 boratae,
330 4198 374 4262 ita
397 4207 432 4262 ut
453 4192 535 4262 lurni
558 4216 631 4260 area
654 4204 747 4260 strata
771 4215 788 4259 a
813 4193 910 4258 cellae
933 4187 1112 4285 pavimento
1135 4213 1171 4256 ιιι
1223 4280 1225 4284 .

167 4313 216 4374 rel
240 4331 272 4375 ιι
293 4311 427 4394 pedibus
450 4310 706 4394 superemineret.
