3198 5222
398 497 462 560 114
825 516 937 562 uenis
959 517 1050 562 aenis

395 685 459 728 eum
479 668 572 740 gisae,
601 667 648 726 det
668 683 717 741 pes
745 666 870 726 tremisse
890 669 997 728 candae
1019 674 1164 744 quattuor:
1198 683 1325 728 annones
1345 666 1371 725 ei
1393 684 1450 725 nen

394 774 548 842 repetetur.

474 867 532 944 (Vl.
554 869 594 926 De
613 864 831 942 marmorarios.)
863 869 949 926 162.
981 865 1011 924 Si
1037 864 1100 938 quis
1130 881 1195 922 axes
1223 881 1391 924 marmoreas
1413 865 1452 922 ie·

394 970 478 1038 cerii,
507 969 555 1027 det
578 983 629 1040 per
648 966 752 1024 solidos
770 983 830 1028 ,une
851 966 937 1038 pedes
957 981 1004 1020 xv.
1027 965 1063 1022 Et
1083 963 1106 1020 si
1126 965 1270 1038 columnas
1298 964 1396 1022 iecerit
1416 964 1451 1020 de

393 1067 479 1140 pedes
506 1071 657 1139 quaternos
676 1071 723 1121 aut
744 1065 865 1136 quinos,
896 1063 945 1120 det
972 1079 1022 1136 per
1051 1062 1178 1120 tremisse
1202 1064 1347 1120 calumnas
1373 1068 1448 1118 tres:

394 1179 520 1220 annones
540 1163 567 1219 ei
589 1177 645 1218 uon
667 1167 820 1235 repetetur.

473 1259 549 1332 (Vn.
572 1260 612 1317 us
631 1257 768 1334 sumans.)
795 1260 883 1316 lua.
912 1257 942 1314 Si
963 1273 1029 1313 nere
1052 1257 1134 1314 turne
1154 1257 1183 1314 in
1204 1256 1285 1329 pisile
1306 1273 1370 1312 eum
1390 1273 1451 1314 cae-

393 1359 476 1415 eebes
498 1358 594 1414 iecerit
614 1364 642 1413 et
657 1364 751 1430 pestes
772 1363 826 1412 tres
840 1362 888 1411 aut
905 1360 1036 1427 quattuor
1051 1354 1189 1423 habuerit,
1212 1361 1240 1410 et
1259 1371 1321 1411 eum
1338 1355 1450 1427 pineam

392 1473 470 1513 suam
490 1456 620 1513 levaverit
641 1455 774 1512 eseeebns
795 1451 907 1510 ducenti
929 1453 1148 1525 quinquaginta,
1181 1451 1218 1509 its
1239 1459 1269 1508 ut
1289 1453 1369 1525 pinea
1391 1451 1450 1526 ipss

392 1554 492 1610 habeat
512 1553 644 1610 aecanos
662 1551 758 1623 viginti
778 1550 913 1623 quinque,
937 1551 1039 1606 exinde
1056 1550 1134 1607 tollat
1151 1550 1275 1608 tremisse
1296 1567 1371 1617 uue;
1393 1550 1450 1608 esi

392 1654 562 1724 quingentos
582 1649 716 1707 caccabus
732 1647 870 1716 hahuerit,
894 1647 995 1703 hahent
1015 1647 1085 1702 duos
1106 1647 1260 1713 tremisses3
1282 1656 1310 1705 et
1330 1649 1353 1704 si
1373 1649 1450 1706 mitte

392 1749 496 1806 tuerint
515 1747 645 1812 caecubis
662 1748 740 1804 tollat
758 1744 862 1802 exinde
882 1744 1026 1801 mercedes
1047 1747 1185 1803 tremisses
1206 1751 1345 1818 quattuor.

472 1845 560 1922 (tiu.
582 1846 623 1902 De
640 1845 772 1916 puteum.)
797 1845 884 1902 164.
916 1843 946 1899 Si
968 1841 1030 1915 quis
1051 1850 1164 1914 puteum
1185 1843 1283 1900 iecerit
1308 1843 1342 1900 ad
1364 1843 1449 1916 pedes

263 1936 269 1948 ¹
392 1950 522 2013 eentum,
551 1945 630 2000 tolist
658 1941 761 1998 exinde
789 1940 894 1997 solides
923 1956 979 2004 ¹¹3
1009 1957 1135 1998 annonas
1165 1941 1190 1998 ei
1220 1957 1276 1996 nen
1298 1947 1448 2012 repetetur.

392 2042 494 2099 Puteus
515 2048 607 2099 autem
629 2040 664 2096 de
684 2039 770 2112 pedes
790 2055 879 2109 xxxv,
907 2038 1012 2095 solides
1033 2043 1179 2111 quattuor3
1210 2045 1307 2110 puteus
1328 2054 1393 2094 vere
1414 2039 1449 2094 de

391 2141 477 2212 pedes
496 2137 594 2210 viginti
615 2153 674 2203 sex,
697 2137 801 2194 seiidns
821 2143 893 2202 tres3
916 2143 1015 2209 puteus
1027 2143 1118 2206 autem
1139 2137 1175 2193 de
1190 2137 1274 2209 pedes
1288 2137 1447 2206 duedecim,

390 2238 512 2296 solidum
532 2253 637 2296 unum:
661 2251 788 2294 annonas
810 2239 834 2296 ei
858 2252 916 2292 nen
937 2241 1088 2307 repetetur.

738 2427 899 2480 EXPLICIT
917 2426 942 2482 A
960 2426 1083 2480 DOMNO

675 2563 989 2666 niunnunuuu
1016 2585 1156 2666 nunu.
1234 2557 1236 2564 ’

756 3027 897 3101 liiiiil’li
919 3027 1081 3101 intutu!

655 3155 908 3311 nnunis
959 3196 1182 3310 unuin.

841 3423 999 3432 -.------

564 3609 566 3613 ,
653 3547 788 3615 (Kalendis
806 3550 913 3608 martiis,
932 3558 1000 3598 anne
1018 3543 1181 3608 DCCXLV.)

823 3699 1016 3798 noninin'.

472 3910 514 3986 (1.)
541 3915 575 3971 1.
603 3909 634 3967 in
654 3925 761 3967 neuinn
783 3910 890 3968 Densius
910 3926 1010 3967 uesani
1030 3907 1118 3966 lusu
1139 3907 1305 3978 CHRISTI,
1328 3909 1447 3982 qualiter

386 4010 463 4083 juxta
483 4008 636 4066 Dominum
655 4015 684 4063 et
704 4009 814 4066 animae
835 4014 946 4064 nostrae
961 4008 1077 4064 satutem
1099 4013 1127 4062 et
1143 4005 1268 4064 emnium
1288 4013 1445 4064 nestrorum

390 4113 495 4164 neutum
517 4106 598 4162 nobis
618 4105 711 4177 paruit
737 4123 797 4163 esse
819 4122 960 4162 unacum
981 4103 1259 4182 nostrisjudieibus,
1291 4111 1320 4162 ut
1347 4113 1374 4162 et
1394 4105 1446 4160 h'e-

389 4204 479 4260 mines
499 4210 639 4276 potentes,
663 4212 691 4259 et
710 4219 847 4276 pauperes
869 4203 916 4275 qni
938 4209 1015 4258 suam
1037 4209 1159 4273 querunt
1174 4202 1309 4274 justitiam
1329 4201 1444 4259 minime

390 4301 557 4372 fatigentur:
580 4308 611 4357 ut
631 4300 821 4374 unusquisque
838 4300 924 4371 judex
944 4299 974 4356 in
995 4314 1043 4354 sue
1064 4298 1172 4356 civitate
1200 4299 1302 4356 debeat
1330 4299 1445 4358 cottidie

388 4399 419 4454 iu
436 4398 573 4471 judicium
593 4399 735 4467 residere,
768 4403 795 4454 et
822 4413 879 4453 nen
901 4397 1025 4455 attendat
1052 4396 1088 4453 ed
1113 4397 1346 4454 exemuiatienem
1366 4413 1445 4454 suam

389 4501 436 4551 eut
456 4495 539 4553 eiiam
559 4495 645 4552 muli
665 4495 828 4563 vanitatem,
851 4494 901 4551 sed
920 4509 972 4567 per
992 4493 1171 4568 semetipsum
1191 4493 1318 4556 resedeat
1337 4499 1366 4550 et
1386 4509 1446 4556 em·
