3170 5218
476 551 614 595 nurerum
637 550 703 599 cnr.
720 545 860 591 tlt-1⁶¹.
1121 529 1183 594 tta
1307 607 1314 626 .
1357 539 1361 547 ‘

209 702 296 780 (ΧΠ.)
316 702 404 760 155.
425 702 461 758 Et
481 699 534 759 hee
558 701 634 758 enim
650 707 813 772 statuemus,
837 704 868 757 ut
876 700 974 758 nullus
988 701 1075 774 judex
1087 714 1183 775 nsque
1233 727 1239 738 ·
1265 743 1270 759 .

128 810 205 861 actor
225 809 273 860 aut
294 801 344 875 qui
364 816 449 874 snper
470 800 579 856 furonis
600 800 653 857 crit
666 805 823 857 nuscuntur
841 814 901 854 non
919 792 1061 871 presumit
1074 817 1185 858 serrum

128 909 175 958 aut
204 900 345 958 aldionem
376 899 490 956 alterius
521 898 744 972 conprehindere
773 915 824 972 pru
845 898 919 955 luctu
947 899 1182 974 casaliacum,

127 1000 175 1055 sed
196 999 303 1055 domini
325 1013 423 1054 corum
444 997 519 1070 ipsos
540 1013 633 1054 servos
654 997 831 1068 distringant,
855 1002 883 1053 et
903 996 955 1070 ipsi
976 997 1113 1057 rationem
1134 1017 1184 1073 pru

127 1112 219 1154 servos
239 1097 367 1166 reddant,
390 1103 483 1152 utrum
503 1095 658 1169 culpabiles
679 1096 734 1153 sint
756 1113 792 1153 an
814 1113 881 1156 nun.
914 1095 969 1169 lpsi
991 1113 1055 1154 sero
1077 1098 1183 1156 domini

128 1195 294 1267 distringant
314 1201 342 1250 et
361 1193 506 1267 inquirant
526 1209 620 1252 servos
640 1209 706 1250 suus
727 1193 799 1250 sicut
819 1194 871 1268 ipsi
893 1200 996 1252 amant.

365 1307 495 1349 uxrurcrr
515 1306 642 1366 snrcruut
662 1307 831 1349 ururrnsnur
851 1307 941 1354 anais.

472 1513 558 1566 lTEM
576 1510 837 1566 Munounuoltw

349 1638 399 1703 DE
424 1636 636 1700 MERCEDES
660 1635 961 1703 COMACINORUM.
1032 1649 1033 1652 ’
1105 1645 1107 1648 ’

206 1761 243 1838 (l.
265 1763 307 1820 De
326 1760 407 1838 salu.)
422 1763 508 1824 151.
531 1761 561 1820 Si
582 1763 639 1819 sala
654 1761 762 1827 lecerit,
785 1768 896 1835 reputet
915 1766 1023 1833 tegulas
1043 1767 1072 1824 in
1093 1771 1184 1828 solido

127 1875 185 1918 nnn
208 1878 325 1919 numeru
347 1861 490 1924 sexcenti3
512 1857 585 1916 siin
607 1860 719 1925 salario.
743 1861 851 1930 tegulas
872 1860 1070 1935 quadringenti
1090 1868 1119 1924 in
1141 1885 1185 1925 su·

126 1959 217 2016 lidum
228 1976 315 2018 unum
327 1959 473 2017 vestitum:
490 1957 556 2030 quia
571 1957 734 2030 quindecim
750 1959 857 2028 tegulas
871 1957 969 2028 viginti
982 1963 1069 2036 pedes
1078 1966 1184 2026 lebant.
1305 1963 1311 1975 '

207 2055 519 2133 (11.ltamaro.)158.
532 2057 561 2113 st
573 2073 637 2114 vern
647 2074 760 2114 murum
768 2058 866 2118 feccrit
877 2059 926 2133 qui
939 2075 1028 2134 usque
1039 2064 1074 2119 ad
1084 2064 1184 2136 pedam

126 2173 216 2215 unum
236 2159 272 2214 sit
293 2174 416 2230 mussans,
439 2157 639 2231 dupplicentur
658 2159 818 2228 mercedes,
842 2166 869 2215 et
890 2175 980 2232 usque
1001 2160 1036 2217 ad
1057 2161 1185 2235 quinque

126 2257 212 2329 pedes
231 2258 438 2330 subquinetura
469 2263 496 2312 et
526 2257 561 2312 de
588 2256 649 2328 ipsu
670 2272 751 2314 muru
773 2256 854 2314 vadat
881 2273 932 2330 per
952 2258 1074 2314 solidum
1095 2274 1184 2317 unum

126 2355 212 2428 pedes
234 2355 347 2411 ducenti
369 2354 465 2425 uiginti
487 2356 633 2427 quinque:
663 2354 685 2410 si
706 2369 772 2410 veru
792 2354 931 2438 macinam
952 2357 1114 2422 mutaverit,
1138 2357 1185 2414 det

126 2453 212 2526 pedes
239 2461 352 2509 centum
381 2452 522 2526 octoginta
558 2452 587 2508 in
617 2451 738 2510 solidum
768 2468 874 2522 unum,
912 2469 1001 2525 usque
1035 2454 1070 2511 ad
1097 2455 1183 2527 pedes

126 2550 253 2624 quinque
274 2562 396 2616 sursum,
419 2549 448 2606 in
470 2550 678 2621 longitudinem
699 2567 764 2607 sero
790 2550 955 2623 terquinos
976 2567 1026 2624 per
1045 2552 1182 2608 tremisse.

126 2646 261 2705 Similiter
281 2655 308 2704 et
328 2648 350 2704 si
371 2635 484 2705 murum
505 2649 690 2715 dealbaverit,
714 2647 837 2706 sexcenti
858 2649 944 2720 pedes
966 2650 1046 2706 vadat
1070 2665 1121 2723 per
1141 2666 1185 2706 su·

124 2745 213 2802 lidum
233 2763 332 2806 unum.
374 2747 410 2803 Et
429 2746 453 2802 si
474 2763 539 2804 cum
560 2763 624 2804 axes
650 2747 782 2804 clauserit
800 2754 828 2804 et
849 2762 934 2821 opera
955 2748 1055 2819 gallica
1077 2747 1182 2816 lecerit,

125 2844 202 2901 mille
223 2844 374 2918 quingenti
392 2845 477 2918 pedes
497 2844 526 2901 in
548 2845 640 2902 solido
660 2845 757 2903 vestito
779 2846 887 2904 vadant.
909 2846 945 2902 Et
965 2845 988 2902 si
1009 2861 1105 2902 arcum
1126 2845 1185 2902 vnl-

126 2941 212 3012 serit,
245 2943 330 3015 pedcs
360 2941 510 2999 duodecim
532 2943 612 2998 vadat
639 2934 668 2999 i'n
691 2942 782 2999 solido
805 2957 872 3000 uno.
916 2941 945 2997 Si
969 2959 1033 3000 veru
1055 2942 1184 2999 materias

125 3040 292 3114 capeluverit
310 3041 430 3114 majores
450 3040 590 3110 minores,
619 3039 709 3112 capita
730 3039 828 3110 riglnti
850 3055 900 3112 per
920 3040 1065 3105 tremisses
1095 3057 1184 3100 armu-

125 3145 201 3196 turas
220 3155 286 3195 vern
307 3144 335 3194 et
356 3138 510 3196 brachiales
530 3138 658 3210 quinque
680 3144 820 3210 ponantur
840 3152 892 3210 pro
913 3152 972 3192 unc
992 3138 1122 3194 materie.

204 3233 273 3310 (ΠΙ.
296 3237 336 3293 De
356 3254 494 3294 namnum
515 3234 745 3307 Camunnorum.)
766 3234 852 3292 151).
877 3233 969 3291 Tollat
990 3235 1113 3306 magistri
1134 3252 1183 3293 an-

125 3349 229 3390 nonam
250 3351 300 3406 per
325 3335 450 3392 tremisse
471 3351 528 3391 uno
549 3335 641 3405 segalc
662 3331 757 3390 modia
777 3333 840 3401 tria,
863 3333 941 3389 lardo
962 3333 1047 3390 libras
1072 3335 1180 3403 decem,

125 3431 189 3488 vino
211 3449 282 3489 urna
302 3449 368 3502 una,
390 3435 520 3505 legumen
541 3433 660 3490 sextaria
681 3437 822 3505 quattuor,
844 3432 901 3488 sale
922 3431 1042 3490 tenuris
1063 3448 1132 3499 uno,
1155 3439 1183 3490 et

124 3529 154 3586 in
175 3531 318 3588 mercedes
338 3547 400 3588 suas
420 3536 537 3604 repetet

206 3627 288 3703 (IIII.
309 3629 350 3685 Dc
370 3624 476 3701 open.)
504 3627 594 3684 150.
626 3626 761 3684 Similiter
780 3612 948 3683 romanense
970 3628 993 3685 si
1014 3629 1121 3698 lecerit,
1143 3628 1183 3686 sic

125 3732 234 3799 repetet
260 3727 330 3783 sicut
357 3726 456 3798 gallica
487 3740 590 3798 opera,
619 3725 696 3784 mille
722 3725 892 3799 quingentos
916 3723 1001 3795 pedes
1028 3727 1058 3784 in
1078 3727 1183 3783 solidus

125 3842 194 3884 uno.
228 3825 264 3883 Et
283 3826 353 3884 scias
373 3826 438 3899 quia
459 3825 508 3882 ubi
529 3843 584 3882 una
607 3823 699 3896 tegula
716 3827 839 3900 ponitur,
862 3823 1024 3898 quindecim
1044 3823 1183 3881 scindulas

125 3923 236 3988 lebanta
259 3924 323 3997 quia
344 3932 457 3981 centum
478 3923 681 3997 quinquaginta
701 3925 807 3995 tegulas
833 3923 889 3981 dun
918 3920 1003 3978 milia
1016 3919 1182 3996 quingentas

123 4021 263 4080 scindulas
282 4022 388 4081 labant.
410 4022 488 4080 Etsi
509 4037 599 4080 massa
617 4019 793 4092 tundederit,
816 4019 939 4078 sexcenti
960 4017 1047 4093 pedes
1067 4035 1118 4092 per
1138 4035 1183 4076 sn-

125 4118 183 4176 lldo
205 4135 288 4188 unone.

134 4279 136 4284 ,
206 4201 252 4294 (ll
277 4212 318 4272 De
345 4215 505 4290 caminata.)
545 4217 628 4275 1⁰1.
669 4215 700 4272 Si
722 4213 867 4283 magistros
889 4212 1054 4272 caminatam
1074 4214 1181 4286 lecerit,

123 4313 205 4371 tollat
225 4331 276 4388 per
295 4329 351 4370 una
367 4313 493 4370 tremisse
513 4329 582 4370 rann.
606 4313 642 4369 Et
662 4312 686 4368 si
706 4310 833 4369 abietarii
853 4311 991 4368 cancellus
1010 4312 1117 4382 lecerit,
1134 4328 1184 4386 per

125 4412 230 4468 solidus
265 4429 322 4468 nno
353 4411 435 4468 vadat
465 4411 551 4484 pedes
581 4410 738 4468 duodecim.
781 4408 812 4465 Si
846 4425 912 4466 vern
944 4425 1044 4482 peuma
1073 4410 1181 4478 lecerit,

126 4516 246 4583 quantos
267 4509 351 4583 pedes
373 4508 477 4569 habent
496 4515 585 4566 tantus
605 4508 719 4581 siliquas
744 4507 849 4564 labant.
872 4507 909 4564 Et
926 4505 949 4564 si
966 4510 1073 4566 carulas
1087 4507 1184 4566 lecerit

951 4603 970 4659 8
