<?xml version="1.0" encoding="UTF-8"?>
<!DOCTYPE html PUBLIC "-//W3C//DTD XHTML 1.0 Transitional//EN"
    "http://www.w3.org/TR/xhtml1/DTD/xhtml1-transitional.dtd">
<html xmlns="http://www.w3.org/1999/xhtml" xml:lang="en" lang="en">
 <head>
  <title>
</title>
<meta http-equiv="Content-Type" content="text/html;charset=utf-8" />
  <meta name='ocr-system' content='tesseract 3.04.00' />
  <meta name='ocr-capabilities' content='ocr_page ocr_carea ocr_par ocr_line ocrx_word'/>
</head>
<body>
  <div class='ocr_page' id='page_1' title='image "./edictaregumlang01neiggoog_0151.png"; bbox 0 0 3198 5222; ppageno 0'>
   <div class='ocr_carea' id='block_1_1' title="bbox 411 549 475 614">
    <p class='ocr_par' dir='ltr' id='par_1_1' title="bbox 411 549 475 614">
     <span class='ocr_line' id='line_1_1' title="bbox 411 549 475 614; baseline 0 -1"><span class='ocrx_word' id='word_1_1' title='bbox 411 549 475 614; x_wconf 79' lang='lat' dir='ltr'><strong>tus</strong></span> 
     </span>
    </p>
   </div>
   <div class='ocr_carea' id='block_1_2' title="bbox 335 714 1472 2261">
    <p class='ocr_par' dir='ltr' id='par_1_2' title="bbox 335 714 1467 1284">
     <span class='ocr_line' id='line_1_2' title="bbox 487 714 1459 797; baseline -0.004 -21"><span class='ocrx_word' id='word_1_2' title='bbox 487 719 524 778; x_wconf 90' lang='lat' dir='ltr'><strong>ll.</strong></span> <span class='ocrx_word' id='word_1_3' title='bbox 547 717 600 776; x_wconf 81' lang='lat' dir='ltr'><strong>flic</strong></span> <span class='ocrx_word' id='word_1_4' title='bbox 614 714 773 792; x_wconf 76' lang='lat' dir='ltr'><strong>incipiam⁹l</strong></span> <span class='ocrx_word' id='word_1_5' title='bbox 788 715 925 788; x_wconf 87' lang='lat' dir='ltr'><strong>originem</strong></span> <span class='ocrx_word' id='word_1_6' title='bbox 942 721 970 772; x_wconf 89' lang='lat' dir='ltr'><strong>et</strong></span> <span class='ocrx_word' id='word_1_7' title='bbox 984 715 1127 773; x_wconf 89' lang='lat' dir='ltr'><strong>nationem</strong></span> <span class='ocrx_word' id='word_1_8' title='bbox 1142 732 1190 772; x_wconf 90' lang='lat' dir='ltr'><strong>seu</strong></span> <span class='ocrx_word' id='word_1_9' title='bbox 1204 716 1377 790; x_wconf 87' lang='lat' dir='ltr'><strong>parentelam</strong></span> <span class='ocrx_word' id='word_1_10' title='bbox 1389 717 1459 797; x_wconf 87' lang='lat' dir='ltr'><strong>Lao-</strong></span> 
     </span>
     <span class='ocr_line' id='line_1_3' title="bbox 408 813 1466 892; baseline -0.008 -16"><span class='ocrx_word' id='word_1_11' title='bbox 408 818 606 892; x_wconf 89' lang='lat' dir='ltr'><strong>gobardorum‚</strong></span> <span class='ocrx_word' id='word_1_12' title='bbox 629 815 717 872; x_wconf 81' lang='lat' dir='ltr'><strong>exitus</strong></span> <span class='ocrx_word' id='word_1_13' title='bbox 735 822 763 871; x_wconf 86' lang='lat' dir='ltr'><strong>at</strong></span> <span class='ocrx_word' id='word_1_14' title='bbox 776 814 1015 871; x_wconf 78' lang='lat' dir='ltr'>conversationem</span> <span class='ocrx_word' id='word_1_15' title='bbox 1035 829 1143 884; x_wconf 90' lang='lat' dir='ltr'><strong>eorum,</strong></span> <span class='ocrx_word' id='word_1_16' title='bbox 1167 814 1240 871; x_wconf 88' lang='lat' dir='ltr'><strong>bella</strong></span> <span class='ocrx_word' id='word_1_17' title='bbox 1261 821 1290 872; x_wconf 90' lang='lat' dir='ltr'><strong>et</strong></span> <span class='ocrx_word' id='word_1_18' title='bbox 1299 813 1466 872; x_wconf 84' lang='lat' dir='ltr'><strong>vastationes</strong></span> 
     </span>
     <span class='ocr_line' id='line_1_4' title="bbox 409 912 1465 991; baseline -0.006 -17"><span class='ocrx_word' id='word_1_19' title='bbox 409 935 480 991; x_wconf 88' lang='lat' dir='ltr'><strong>quae</strong></span> <span class='ocrx_word' id='word_1_20' title='bbox 500 916 628 973; x_wconf 84' lang='lat' dir='ltr'><strong>iecerunt</strong></span> <span class='ocrx_word' id='word_1_21' title='bbox 647 929 727 984; x_wconf 89' lang='lat' dir='ltr'><strong>reges</strong></span> <span class='ocrx_word' id='word_1_22' title='bbox 748 929 856 982; x_wconf 88' lang='lat' dir='ltr'><strong>eorum,</strong></span> <span class='ocrx_word' id='word_1_23' title='bbox 879 917 908 967; x_wconf 88' lang='lat' dir='ltr'><strong>et</strong></span> <span class='ocrx_word' id='word_1_24' title='bbox 928 912 1029 984; x_wconf 88' lang='lat' dir='ltr'><strong>patrias</strong></span> <span class='ocrx_word' id='word_1_25' title='bbox 1045 927 1115 985; x_wconf 90' lang='lat' dir='ltr'><strong>quas</strong></span> <span class='ocrx_word' id='word_1_26' title='bbox 1135 919 1285 970; x_wconf 84' lang='lat' dir='ltr'><strong>vastarunt.</strong></span> <span class='ocrx_word' id='word_1_27' title='bbox 1308 912 1465 969; x_wconf 75' lang='lat' dir='ltr'><strong>vindilicus</strong></span> 
     </span>
     <span class='ocr_line' id='line_1_5' title="bbox 410 1009 1466 1082; baseline -0.006 -9"><span class='ocrx_word' id='word_1_28' title='bbox 410 1016 510 1073; x_wconf 90' lang='lat' dir='ltr'><strong>dicitur</strong></span> <span class='ocrx_word' id='word_1_29' title='bbox 531 1012 619 1072; x_wconf 87' lang='lat' dir='ltr'><strong>amois</strong></span> <span class='ocrx_word' id='word_1_30' title='bbox 640 1012 675 1068; x_wconf 91' lang='lat' dir='ltr'><strong>ab</strong></span> <span class='ocrx_word' id='word_1_31' title='bbox 698 1009 828 1068; x_wconf 79' lang='lat' dir='ltr'><strong>extremis</strong></span> <span class='ocrx_word' id='word_1_32' title='bbox 850 1009 956 1066; x_wconf 89' lang='lat' dir='ltr'><strong>Galliae</strong></span> <span class='ocrx_word' id='word_1_33' title='bbox 977 1009 1096 1075; x_wconf 89' lang='lat' dir='ltr'><strong>linibus;</strong></span> <span class='ocrx_word' id='word_1_34' title='bbox 1116 1009 1193 1082; x_wconf 76' lang='lat' dir='ltr'><strong>iuxta</strong></span> <span class='ocrx_word' id='word_1_35' title='bbox 1214 1011 1334 1068; x_wconf 89' lang='lat' dir='ltr'><strong>eoadem</strong></span> <span class='ocrx_word' id='word_1_36' title='bbox 1353 1011 1466 1068; x_wconf 74' lang='lat' dir='ltr'><strong>dudum</strong></span> 
     </span>
     <span class='ocr_line' id='line_1_6' title="bbox 409 1107 1467 1185; baseline -0.006 -15"><span class='ocrx_word' id='word_1_37' title='bbox 409 1115 439 1170; x_wconf 94' lang='lat' dir='ltr'><strong>in</strong></span> <span class='ocrx_word' id='word_1_38' title='bbox 460 1111 556 1185; x_wconf 88' lang='lat' dir='ltr'><strong>primis</strong></span> <span class='ocrx_word' id='word_1_39' title='bbox 566 1109 699 1169; x_wconf 88' lang='lat' dir='ltr'><strong>habitatio</strong></span> <span class='ocrx_word' id='word_1_40' title='bbox 717 1115 744 1166; x_wconf 87' lang='lat' dir='ltr'><strong>et</strong></span> <span class='ocrx_word' id='word_1_41' title='bbox 763 1107 919 1182; x_wconf 77' lang='lat' dir='ltr'><strong>proprietas</strong></span> <span class='ocrx_word' id='word_1_42' title='bbox 935 1123 1032 1164; x_wconf 92' lang='lat' dir='ltr'><strong>eorum</strong></span> <span class='ocrx_word' id='word_1_43' title='bbox 1047 1107 1106 1166; x_wconf 84' lang='lat' dir='ltr'><strong>tuit.</strong></span> <span class='ocrx_word' id='word_1_44' title='bbox 1127 1107 1227 1165; x_wconf 79' lang='lat' dir='ltr'><strong>Primis</strong></span> <span class='ocrx_word' id='word_1_45' title='bbox 1240 1108 1381 1184; x_wconf 86' lang='lat' dir='ltr'><strong>Winili¹⁰)</strong></span> <span class='ocrx_word' id='word_1_46' title='bbox 1403 1125 1467 1183; x_wconf 88' lang='lat' dir='ltr'><strong>pro·</strong></span> 
     </span>
     <span class='ocr_line' id='line_1_7' title="bbox 335 1205 1467 1284; baseline -0.002 -17"><span class='ocrx_word' id='word_1_47' title='bbox 335 1208 336 1216; x_wconf 76' lang='grc'>’</span> <span class='ocrx_word' id='word_1_48' title='bbox 410 1211 471 1284; x_wconf 90' lang='lat' dir='ltr'><strong>prio</strong></span> <span class='ocrx_word' id='word_1_49' title='bbox 489 1208 603 1266; x_wconf 88' lang='lat' dir='ltr'><strong>nomine</strong></span> <span class='ocrx_word' id='word_1_50' title='bbox 617 1224 665 1264; x_wconf 89' lang='lat' dir='ltr'><strong>seu</strong></span> <span class='ocrx_word' id='word_1_51' title='bbox 682 1213 709 1264; x_wconf 87' lang='lat' dir='ltr'><strong>et</strong></span> <span class='ocrx_word' id='word_1_52' title='bbox 727 1206 879 1279; x_wconf 89' lang='lat' dir='ltr'><strong>parentela,</strong></span> <span class='ocrx_word' id='word_1_53' title='bbox 903 1222 978 1274; x_wconf 88' lang='lat' dir='ltr'><strong>nam,</strong></span> <span class='ocrx_word' id='word_1_54' title='bbox 1002 1211 1033 1260; x_wconf 88' lang='lat' dir='ltr'><strong>ut</strong></span> <span class='ocrx_word' id='word_1_55' title='bbox 1045 1205 1143 1261; x_wconf 88' lang='lat' dir='ltr'><strong>asserit</strong></span> <span class='ocrx_word' id='word_1_56' title='bbox 1156 1205 1347 1277; x_wconf 90' lang='lat' dir='ltr'><strong>Hieronimus,</strong></span> <span class='ocrx_word' id='word_1_57' title='bbox 1370 1216 1467 1281; x_wconf 88' lang='lat' dir='ltr'><strong>postea</strong></span> 
     </span>
    </p>

    <p class='ocr_par' dir='ltr' id='par_1_3' title="bbox 377 1301 1467 1673">
     <span class='ocr_line' id='line_1_8' title="bbox 377 1301 1465 1387; baseline -0.005 -21"><span class='ocrx_word' id='word_1_58' title='bbox 377 1381 379 1387; x_wconf 28' lang='grc' dir='ltr'>Ι</span> <span class='ocrx_word' id='word_1_59' title='bbox 410 1310 445 1366; x_wconf 93' lang='lat' dir='ltr'><strong>ad</strong></span> <span class='ocrx_word' id='word_1_60' title='bbox 466 1309 611 1378; x_wconf 80' lang='lat' dir='ltr'><strong>vulgarum</strong></span> <span class='ocrx_word' id='word_1_61' title='bbox 628 1321 723 1362; x_wconf 84' lang='lat' dir='ltr'><strong>vocem</strong></span> <span class='ocrx_word' id='word_1_62' title='bbox 737 1305 928 1361; x_wconf 77' lang='lat' dir='ltr'><strong>Lussomana·</strong></span> <span class='ocrx_word' id='word_1_63' title='bbox 941 1301 1147 1378; x_wconf 80' lang='lat' dir='ltr'><strong>nomminati¹¹)</strong></span> <span class='ocrx_word' id='word_1_64' title='bbox 1169 1309 1242 1374; x_wconf 90' lang='lat' dir='ltr'><strong>sunt,</strong></span> <span class='ocrx_word' id='word_1_65' title='bbox 1264 1321 1315 1378; x_wconf 92' lang='lat' dir='ltr'><strong>pro</strong></span> <span class='ocrx_word' id='word_1_66' title='bbox 1334 1321 1368 1362; x_wconf 92' lang='lat' dir='ltr'><strong>co</strong></span> <span class='ocrx_word' id='word_1_67' title='bbox 1389 1307 1465 1378; x_wconf 94' lang='lat' dir='ltr'><strong>quod</strong></span> 
     </span>
     <span class='ocr_line' id='line_1_9' title="bbox 410 1399 1462 1478; baseline -0.003 -16"><span class='ocrx_word' id='word_1_68' title='bbox 410 1406 495 1463; x_wconf 89' lang='lat' dir='ltr'><strong>barba</strong></span> <span class='ocrx_word' id='word_1_69' title='bbox 515 1404 623 1478; x_wconf 87' lang='lat' dir='ltr'><strong>prolixa</strong></span> <span class='ocrx_word' id='word_1_70' title='bbox 643 1409 823 1475; x_wconf 89' lang='lat' dir='ltr'><strong>etnonquam</strong></span> <span class='ocrx_word' id='word_1_71' title='bbox 845 1408 933 1459; x_wconf 89' lang='lat' dir='ltr'><strong>tonsa.</strong></span> <span class='ocrx_word' id='word_1_72' title='bbox 956 1399 1010 1457; x_wconf 86' lang='lat' dir='ltr'><strong>Hic</strong></span> <span class='ocrx_word' id='word_1_73' title='bbox 1025 1401 1198 1474; x_wconf 89' lang='lat' dir='ltr'><strong>supradictus</strong></span> <span class='ocrx_word' id='word_1_74' title='bbox 1213 1402 1342 1474; x_wconf 84' lang='lat' dir='ltr'><strong>Ligurius</strong></span> <span class='ocrx_word' id='word_1_75' title='bbox 1354 1401 1462 1472; x_wconf 83' lang='lat' dir='ltr'><strong>durius,</strong></span> 
     </span>
     <span class='ocr_line' id='line_1_10' title="bbox 409 1498 1465 1575; baseline -0.003 -14"><span class='ocrx_word' id='word_1_76' title='bbox 409 1503 510 1562; x_wconf 82' lang='lat' dir='ltr'><strong>Albine</strong></span> <span class='ocrx_word' id='word_1_77' title='bbox 531 1501 607 1558; x_wconf 79' lang='lat' dir='ltr'><strong>duvii</strong></span> <span class='ocrx_word' id='word_1_78' title='bbox 628 1500 752 1557; x_wconf 90' lang='lat' dir='ltr'><strong>canoalis</strong></span> <span class='ocrx_word' id='word_1_79' title='bbox 772 1499 930 1568; x_wconf 88' lang='lat' dir='ltr'><strong>inundans,</strong></span> <span class='ocrx_word' id='word_1_80' title='bbox 954 1506 980 1554; x_wconf 92' lang='lat' dir='ltr'><strong>et</strong></span> <span class='ocrx_word' id='word_1_81' title='bbox 1003 1515 1106 1555; x_wconf 89' lang='lat' dir='ltr'><strong>nomen</strong></span> <span class='ocrx_word' id='word_1_82' title='bbox 1128 1498 1231 1559; x_wconf 86' lang='lat' dir='ltr'><strong>linitur.</strong></span> <span class='ocrx_word' id='word_1_83' title='bbox 1259 1501 1409 1575; x_wconf 88' lang='lat' dir='ltr'><strong>Postquam</strong></span> <span class='ocrx_word' id='word_1_84' title='bbox 1431 1502 1465 1558; x_wconf 86' lang='lat' dir='ltr'><strong>de</strong></span> 
     </span>
     <span class='ocr_line' id='line_1_11' title="bbox 411 1597 1467 1673; baseline -0.003 -15"><span class='ocrx_word' id='word_1_85' title='bbox 411 1601 509 1658; x_wconf 88' lang='lat' dir='ltr'><strong>eadem</strong></span> <span class='ocrx_word' id='word_1_86' title='bbox 530 1600 600 1673; x_wconf 87' lang='lat' dir='ltr'><strong>ripa,</strong></span> <span class='ocrx_word' id='word_1_87' title='bbox 623 1605 654 1656; x_wconf 91' lang='lat' dir='ltr'><strong>ut</strong></span> <span class='ocrx_word' id='word_1_88' title='bbox 674 1598 873 1672; x_wconf 88' lang='lat' dir='ltr'><strong>supradictum</strong></span> <span class='ocrx_word' id='word_1_89' title='bbox 895 1603 946 1665; x_wconf 88' lang='lat' dir='ltr'><strong>est,</strong></span> <span class='ocrx_word' id='word_1_90' title='bbox 969 1597 1147 1670; x_wconf 86' lang='lat' dir='ltr'><strong>Langobardi</strong></span> <span class='ocrx_word' id='word_1_91' title='bbox 1159 1597 1297 1669; x_wconf 81' lang='lat' dir='ltr'><strong>exierunt,</strong></span> <span class='ocrx_word' id='word_1_92' title='bbox 1320 1599 1360 1656; x_wconf 90' lang='lat' dir='ltr'><strong>sic</strong></span> <span class='ocrx_word' id='word_1_93' title='bbox 1373 1599 1467 1656; x_wconf 89' lang='lat' dir='ltr'><strong>Scate-</strong></span> 
     </span>
    </p>

    <p class='ocr_par' dir='ltr' id='par_1_4' title="bbox 393 1691 1463 1773">
     <span class='ocr_line' id='line_1_12' title="bbox 393 1691 1463 1773; baseline 0.001 -21"><span class='ocrx_word' id='word_1_94' title='bbox 393 1718 518 1773; x_wconf 69' lang='lat' dir='ltr'><strong>,naugae</strong></span> <span class='ocrx_word' id='word_1_95' title='bbox 536 1699 638 1756; x_wconf 63' lang='lat' dir='ltr'><strong>albiae</strong></span> <span class='ocrx_word' id='word_1_96' title='bbox 669 1691 743 1755; x_wconf 84' lang='lat' dir='ltr'><strong>lluvi&#39;</strong></span> <span class='ocrx_word' id='word_1_97' title='bbox 755 1695 815 1770; x_wconf 90' lang='lat' dir='ltr'><strong>ripa</strong></span> <span class='ocrx_word' id='word_1_98' title='bbox 836 1696 931 1770; x_wconf 89' lang='lat' dir='ltr'><strong>primis</strong></span> <span class='ocrx_word' id='word_1_99' title='bbox 959 1712 1059 1753; x_wconf 84' lang='lat' dir='ltr'><strong>novam</strong></span> <span class='ocrx_word' id='word_1_100' title='bbox 1080 1696 1279 1754; x_wconf 79' lang='lat' dir='ltr'><strong>habitationem</strong></span> <span class='ocrx_word' id='word_1_101' title='bbox 1300 1705 1463 1770; x_wconf 83' lang='lat' dir='ltr'><strong>posuerunt.</strong></span> 
     </span>
    </p>

    <p class='ocr_par' dir='ltr' id='par_1_5' title="bbox 410 1789 1472 2261">
     <span class='ocr_line' id='line_1_13' title="bbox 489 1789 1464 1868; baseline -0.005 -13"><span class='ocrx_word' id='word_1_102' title='bbox 489 1798 537 1856; x_wconf 93' lang='lat' dir='ltr'><strong>lll.</strong></span> <span class='ocrx_word' id='word_1_103' title='bbox 560 1797 608 1854; x_wconf 87' lang='lat' dir='ltr'><strong>Sic</strong></span> <span class='ocrx_word' id='word_1_104' title='bbox 644 1795 745 1852; x_wconf 88' lang='lat' dir='ltr'><strong>deinde</strong></span> <span class='ocrx_word' id='word_1_105' title='bbox 779 1789 952 1862; x_wconf 77' lang='lat' dir='ltr'><strong>certantes,</strong></span> <span class='ocrx_word' id='word_1_106' title='bbox 972 1793 1112 1851; x_wconf 87' lang='lat' dir='ltr'><strong>Saxoniae</strong></span> <span class='ocrx_word' id='word_1_107' title='bbox 1152 1795 1270 1867; x_wconf 89' lang='lat' dir='ltr'><strong>patriam</strong></span> <span class='ocrx_word' id='word_1_108' title='bbox 1304 1795 1464 1868; x_wconf 87' lang='lat' dir='ltr'><strong>attigerunt,</strong></span> 
     </span>
     <span class='ocr_line' id='line_1_14' title="bbox 410 1890 1467 1967; baseline -0.007 -12"><span class='ocrx_word' id='word_1_109' title='bbox 410 1899 489 1956; x_wconf 90' lang='lat' dir='ltr'><strong>locos</strong></span> <span class='ocrx_word' id='word_1_110' title='bbox 510 1896 557 1954; x_wconf 91' lang='lat' dir='ltr'><strong>ubi</strong></span> <span class='ocrx_word' id='word_1_111' title='bbox 579 1897 751 1967; x_wconf 87' lang='lat' dir='ltr'><strong>Patesprooa</strong></span> <span class='ocrx_word' id='word_1_112' title='bbox 772 1893 1024 1965; x_wconf 78' lang='lat' dir='ltr'><strong>cognominantur,</strong></span> <span class='ocrx_word' id='word_1_113' title='bbox 1058 1890 1124 1965; x_wconf 92' lang='lat' dir='ltr'><strong>ubi,</strong></span> <span class='ocrx_word' id='word_1_114' title='bbox 1157 1894 1227 1950; x_wconf 91' lang='lat' dir='ltr'><strong>sicut</strong></span> <span class='ocrx_word' id='word_1_115' title='bbox 1251 1893 1338 1950; x_wconf 89' lang='lat' dir='ltr'><strong>nostri</strong></span> <span class='ocrx_word' id='word_1_116' title='bbox 1359 1891 1467 1966; x_wconf 77' lang='lat' dir='ltr'><strong>antiqui</strong></span> 
     </span>
     <span class='ocr_line' id='line_1_15' title="bbox 410 1990 1467 2070; baseline -0.007 -17"><span class='ocrx_word' id='word_1_117' title='bbox 410 2003 502 2070; x_wconf 89' lang='lat' dir='ltr'><strong>patres</strong></span> <span class='ocrx_word' id='word_1_118' title='bbox 522 1995 609 2066; x_wconf 84' lang='lat' dir='ltr'><strong>longo</strong></span> <span class='ocrx_word' id='word_1_119' title='bbox 632 2000 759 2065; x_wconf 89' lang='lat' dir='ltr'><strong>tempore</strong></span> <span class='ocrx_word' id='word_1_120' title='bbox 780 1998 906 2048; x_wconf 91' lang='lat' dir='ltr'><strong>asserunt</strong></span> <span class='ocrx_word' id='word_1_121' title='bbox 932 1990 1087 2061; x_wconf 78' lang='lat' dir='ltr'><strong>habitasse,</strong></span> <span class='ocrx_word' id='word_1_122' title='bbox 1116 1999 1144 2048; x_wconf 88' lang='lat' dir='ltr'><strong>et</strong></span> <span class='ocrx_word' id='word_1_123' title='bbox 1170 1991 1315 2049; x_wconf 87' lang='lat' dir='ltr'><strong>inmollis</strong></span> <span class='ocrx_word' id='word_1_124' title='bbox 1342 1990 1467 2065; x_wconf 87' lang='lat' dir='ltr'><strong>partibus</strong></span> 
     </span>
     <span class='ocr_line' id='line_1_16' title="bbox 412 2089 1472 2165; baseline -0.007 -15"><span class='ocrx_word' id='word_1_125' title='bbox 412 2095 485 2152; x_wconf 88' lang='lat' dir='ltr'><strong>bella</strong></span> <span class='ocrx_word' id='word_1_126' title='bbox 505 2099 533 2149; x_wconf 92' lang='lat' dir='ltr'><strong>et</strong></span> <span class='ocrx_word' id='word_1_127' title='bbox 558 2091 679 2165; x_wconf 86' lang='lat' dir='ltr'><strong>pericula</strong></span> <span class='ocrx_word' id='word_1_128' title='bbox 708 2096 895 2162; x_wconf 67' lang='lat' dir='ltr'><strong>generarunta</strong></span> <span class='ocrx_word' id='word_1_129' title='bbox 924 2089 1020 2162; x_wconf 85' lang='lat' dir='ltr'><strong>ibique</strong></span> <span class='ocrx_word' id='word_1_130' title='bbox 1047 2090 1167 2162; x_wconf 90' lang='lat' dir='ltr'><strong>primum</strong></span> <span class='ocrx_word' id='word_1_131' title='bbox 1194 2107 1289 2161; x_wconf 91' lang='lat' dir='ltr'><strong>regem</strong></span> <span class='ocrx_word' id='word_1_132' title='bbox 1309 2091 1472 2147; x_wconf 78' lang='lat' dir='ltr'><strong>levaverunt</strong></span> 
     </span>
     <span class='ocr_line' id='line_1_17' title="bbox 414 2185 1468 2261; baseline -0.006 -13"><span class='ocrx_word' id='word_1_133' title='bbox 414 2191 529 2248; x_wconf 89' lang='lat' dir='ltr'><strong>nomine</strong></span> <span class='ocrx_word' id='word_1_134' title='bbox 550 2191 720 2249; x_wconf 74' lang='lat' dir='ltr'><strong>nonnanis.</strong></span> <span class='ocrx_word' id='word_1_135' title='bbox 762 2189 832 2246; x_wconf 85' lang='lat' dir='ltr'><strong>Cum</strong></span> <span class='ocrx_word' id='word_1_136' title='bbox 852 2187 914 2260; x_wconf 92' lang='lat' dir='ltr'><strong>ipso</strong></span> <span class='ocrx_word' id='word_1_137' title='bbox 936 2187 971 2243; x_wconf 86' lang='lat' dir='ltr'><strong>ds</strong></span> <span class='ocrx_word' id='word_1_138' title='bbox 993 2187 1128 2244; x_wconf 91' lang='lat' dir='ltr'><strong>hocloco</strong></span> <span class='ocrx_word' id='word_1_139' title='bbox 1156 2187 1187 2243; x_wconf 89' lang='lat' dir='ltr'><strong>in</strong></span> <span class='ocrx_word' id='word_1_140' title='bbox 1208 2194 1290 2244; x_wconf 83' lang='lat' dir='ltr'><strong>antea</strong></span> <span class='ocrx_word' id='word_1_141' title='bbox 1309 2187 1413 2261; x_wconf 87' lang='lat' dir='ltr'><strong>patrias</strong></span> <span class='ocrx_word' id='word_1_142' title='bbox 1433 2185 1468 2243; x_wconf 88' lang='lat' dir='ltr'><strong>ad</strong></span> 
     </span>
    </p>
   </div>
   <div class='ocr_carea' id='block_1_3' title="bbox 413 2285 1590 2361">
    <p class='ocr_par' dir='ltr' id='par_1_6' title="bbox 413 2285 1590 2361">
     <span class='ocr_line' id='line_1_18' title="bbox 413 2285 1590 2361; baseline -0.005 -15"><span class='ocrx_word' id='word_1_143' title='bbox 413 2306 490 2346; x_wconf 89' lang='lat' dir='ltr'><strong>suam</strong></span> <span class='ocrx_word' id='word_1_144' title='bbox 511 2295 618 2361; x_wconf 85' lang='lat' dir='ltr'><strong>partem</strong></span> <span class='ocrx_word' id='word_1_145' title='bbox 638 2301 798 2360; x_wconf 80' lang='lat' dir='ltr'><strong>expugnare</strong></span> <span class='ocrx_word' id='word_1_146' title='bbox 819 2291 978 2358; x_wconf 89' lang='lat' dir='ltr'><strong>coeperunt.</strong></span> <span class='ocrx_word' id='word_1_147' title='bbox 1000 2285 1080 2343; x_wconf 88' lang='lat' dir='ltr'><strong>Unde</strong></span> <span class='ocrx_word' id='word_1_148' title='bbox 1101 2285 1130 2342; x_wconf 92' lang='lat' dir='ltr'><strong>io</strong></span> <span class='ocrx_word' id='word_1_149' title='bbox 1152 2285 1313 2344; x_wconf 84' lang='lat' dir='ltr'><strong>Bcorinidis</strong></span> <span class='ocrx_word' id='word_1_150' title='bbox 1331 2286 1421 2344; x_wconf 90' lang='lat' dir='ltr'><strong>aciem</strong></span> <span class='ocrx_word' id='word_1_151' title='bbox 1442 2292 1470 2341; x_wconf 92' lang='lat' dir='ltr'><strong>et</strong></span> <span class='ocrx_word' id='word_1_152' title='bbox 1584 2303 1590 2318; x_wconf 87' lang='lat'><strong>·</strong></span> 
     </span>
    </p>
   </div>
   <div class='ocr_carea' id='block_1_4' title="bbox 413 2383 1469 2459">
    <p class='ocr_par' dir='ltr' id='par_1_7' title="bbox 413 2383 1469 2459">
     <span class='ocr_line' id='line_1_19' title="bbox 413 2383 1469 2459; baseline -0.006 -15"><span class='ocrx_word' id='word_1_153' title='bbox 413 2383 561 2458; x_wconf 61' lang='lat' dir='ltr'><strong>clausestss)</strong></span> <span class='ocrx_word' id='word_1_154' title='bbox 581 2401 630 2442; x_wconf 85' lang='lat' dir='ltr'><strong>seu</strong></span> <span class='ocrx_word' id='word_1_155' title='bbox 646 2387 712 2442; x_wconf 90' lang='lat' dir='ltr'><strong>tubo</strong></span> <span class='ocrx_word' id='word_1_156' title='bbox 721 2384 909 2455; x_wconf 73' lang='lat' dir='ltr'><strong>clangentium</strong></span> <span class='ocrx_word' id='word_1_157' title='bbox 923 2383 959 2439; x_wconf 92' lang='lat' dir='ltr'><strong>ad</strong></span> <span class='ocrx_word' id='word_1_158' title='bbox 973 2399 1050 2441; x_wconf 89' lang='lat' dir='ltr'><strong>suam</strong></span> <span class='ocrx_word' id='word_1_159' title='bbox 1060 2383 1258 2457; x_wconf 81' lang='lat' dir='ltr'><strong>proprietatem</strong></span> <span class='ocrx_word' id='word_1_160' title='bbox 1269 2385 1469 2459; x_wconf 82' lang='lat' dir='ltr'><strong>perduxerunt,</strong></span> 
     </span>
    </p>
   </div>
   <div class='ocr_carea' id='block_1_5' title="bbox 413 2481 1594 2558">
    <p class='ocr_par' dir='ltr' id='par_1_8' title="bbox 413 2481 1594 2558">
     <span class='ocr_line' id='line_1_20' title="bbox 413 2481 1594 2558; baseline -0.007 -16"><span class='ocrx_word' id='word_1_161' title='bbox 413 2485 489 2542; x_wconf 86' lang='lat' dir='ltr'><strong>unde</strong></span> <span class='ocrx_word' id='word_1_162' title='bbox 510 2500 597 2558; x_wconf 90' lang='lat' dir='ltr'><strong>nsque</strong></span> <span class='ocrx_word' id='word_1_163' title='bbox 617 2483 704 2540; x_wconf 89' lang='lat' dir='ltr'><strong>bodie</strong></span> <span class='ocrx_word' id='word_1_164' title='bbox 722 2491 879 2556; x_wconf 82' lang='lat' dir='ltr'><strong>presentem</strong></span> <span class='ocrx_word' id='word_1_165' title='bbox 901 2481 975 2540; x_wconf 88' lang='lat' dir='ltr'><strong>diem</strong></span> <span class='ocrx_word' id='word_1_166' title='bbox 997 2482 1139 2539; x_wconf 85' lang='lat' dir='ltr'><strong>Wscnorn</strong></span> <span class='ocrx_word' id='word_1_167' title='bbox 1165 2482 1227 2553; x_wconf 89' lang='lat' dir='ltr'><strong>regi</strong></span> <span class='ocrx_word' id='word_1_168' title='bbox 1250 2499 1348 2539; x_wconf 91' lang='lat' dir='ltr'><strong>eorum</strong></span> <span class='ocrx_word' id='word_1_169' title='bbox 1369 2482 1471 2539; x_wconf 91' lang='lat' dir='ltr'><strong>domus</strong></span> <span class='ocrx_word' id='word_1_170' title='bbox 1590 2517 1594 2534; x_wconf 78' lang='grc'>.</span> 
     </span>
    </p>
   </div>
   <div class='ocr_carea' id='block_1_6' title="bbox 414 2576 1471 3146">
    <p class='ocr_par' dir='ltr' id='par_1_9' title="bbox 414 2576 1471 3146">
     <span class='ocr_line' id='line_1_21' title="bbox 414 2576 1468 2654; baseline -0.005 -14"><span class='ocrx_word' id='word_1_171' title='bbox 414 2591 442 2640; x_wconf 91' lang='lat' dir='ltr'><strong>et</strong></span> <span class='ocrx_word' id='word_1_172' title='bbox 461 2581 594 2640; x_wconf 90' lang='lat' dir='ltr'><strong>habitatio</strong></span> <span class='ocrx_word' id='word_1_173' title='bbox 615 2587 729 2654; x_wconf 90' lang='lat' dir='ltr'><strong>apparet</strong></span> <span class='ocrx_word' id='word_1_174' title='bbox 748 2579 836 2650; x_wconf 88' lang='lat' dir='ltr'><strong>signa.</strong></span> <span class='ocrx_word' id='word_1_175' title='bbox 861 2576 984 2650; x_wconf 84' lang='lat' dir='ltr'><strong>Deinde,</strong></span> <span class='ocrx_word' id='word_1_176' title='bbox 1016 2579 1161 2636; x_wconf 86' lang='lat' dir='ltr'><strong>meliorem</strong></span> <span class='ocrx_word' id='word_1_177' title='bbox 1187 2581 1341 2638; x_wconf 85' lang='lat' dir='ltr'><strong>ubertatem</strong></span> <span class='ocrx_word' id='word_1_178' title='bbox 1361 2580 1468 2654; x_wconf 80' lang='lat' dir='ltr'><strong>patriae</strong></span> 
     </span>
     <span class='ocr_line' id='line_1_22' title="bbox 414 2676 1469 2754; baseline -0.005 -16"><span class='ocrx_word' id='word_1_179' title='bbox 414 2681 606 2754; x_wconf 84' lang='lat' dir='ltr'><strong>requirentes,</strong></span> <span class='ocrx_word' id='word_1_180' title='bbox 638 2679 673 2736; x_wconf 92' lang='lat' dir='ltr'><strong>ad</strong></span> <span class='ocrx_word' id='word_1_181' title='bbox 695 2677 821 2734; x_wconf 89' lang='lat' dir='ltr'><strong>Traciam</strong></span> <span class='ocrx_word' id='word_1_182' title='bbox 842 2676 1015 2750; x_wconf 80' lang='lat' dir='ltr'><strong>provinciam</strong></span> <span class='ocrx_word' id='word_1_183' title='bbox 1035 2677 1221 2748; x_wconf 88' lang='lat' dir='ltr'><strong>transierunt,</strong></span> <span class='ocrx_word' id='word_1_184' title='bbox 1253 2677 1282 2735; x_wconf 89' lang='lat' dir='ltr'><strong>lo</strong></span> <span class='ocrx_word' id='word_1_185' title='bbox 1304 2678 1469 2736; x_wconf 83' lang='lat' dir='ltr'><strong>Pannoniae</strong></span> 
     </span>
     <span class='ocr_line' id='line_1_23' title="bbox 414 2774 1471 2851; baseline -0.004 -15"><span class='ocrx_word' id='word_1_186' title='bbox 414 2778 490 2836; x_wconf 90' lang='lat' dir='ltr'><strong>urbis</strong></span> <span class='ocrx_word' id='word_1_187' title='bbox 511 2777 628 2851; x_wconf 86' lang='lat' dir='ltr'><strong>patriam</strong></span> <span class='ocrx_word' id='word_1_188' title='bbox 653 2790 730 2833; x_wconf 88' lang='lat' dir='ltr'><strong>suam</strong></span> <span class='ocrx_word' id='word_1_189' title='bbox 759 2775 941 2832; x_wconf 86' lang='lat' dir='ltr'><strong>hereditatam</strong></span> <span class='ocrx_word' id='word_1_190' title='bbox 971 2774 1145 2842; x_wconf 80' lang='lat' dir='ltr'><strong>afflixerunt;</strong></span> <span class='ocrx_word' id='word_1_191' title='bbox 1175 2776 1250 2833; x_wconf 90' lang='lat' dir='ltr'><strong>unde</strong></span> <span class='ocrx_word' id='word_1_192' title='bbox 1276 2791 1340 2834; x_wconf 84' lang='lat' dir='ltr'><strong>cnm</strong></span> <span class='ocrx_word' id='word_1_193' title='bbox 1366 2775 1471 2833; x_wconf 83' lang='lat' dir='ltr'><strong>Abaris</strong></span> 
     </span>
     <span class='ocr_line' id='line_1_24' title="bbox 414 2869 1469 2947; baseline -0.003 -15"><span class='ocrx_word' id='word_1_194' title='bbox 414 2878 581 2934; x_wconf 78' lang='lat' dir='ltr'><strong>reluctantes</strong></span> <span class='ocrx_word' id='word_1_195' title='bbox 601 2891 649 2931; x_wconf 88' lang='lat' dir='ltr'><strong>sou</strong></span> <span class='ocrx_word' id='word_1_196' title='bbox 677 2875 751 2932; x_wconf 89' lang='lat' dir='ltr'><strong>bella</strong></span> <span class='ocrx_word' id='word_1_197' title='bbox 772 2873 891 2946; x_wconf 90' lang='lat' dir='ltr'><strong>plurima</strong></span> <span class='ocrx_word' id='word_1_198' title='bbox 919 2869 1114 2931; x_wconf 88' lang='lat' dir='ltr'><strong>ardentissimo</strong></span> <span class='ocrx_word' id='word_1_199' title='bbox 1142 2873 1254 2944; x_wconf 88' lang='lat' dir='ltr'><strong>animo,</strong></span> <span class='ocrx_word' id='word_1_200' title='bbox 1284 2873 1374 2947; x_wconf 86' lang='lat' dir='ltr'><strong>ipsam</strong></span> <span class='ocrx_word' id='word_1_201' title='bbox 1395 2874 1469 2931; x_wconf 89' lang='lat' dir='ltr'><strong>Pan-</strong></span> 
     </span>
     <span class='ocr_line' id='line_1_25' title="bbox 415 2970 1470 3046; baseline -0.002 -16"><span class='ocrx_word' id='word_1_202' title='bbox 415 2973 531 3031; x_wconf 91' lang='lat' dir='ltr'><strong>noniam</strong></span> <span class='ocrx_word' id='word_1_203' title='bbox 551 2980 795 3046; x_wconf 78' lang='lat' dir='ltr'><strong>expugnaverunt,</strong></span> <span class='ocrx_word' id='word_1_204' title='bbox 818 2970 953 3028; x_wconf 81' lang='lat' dir='ltr'><strong>ethbaal</strong></span> <span class='ocrx_word' id='word_1_205' title='bbox 975 2987 1038 3027; x_wconf 92' lang='lat' dir='ltr'><strong>cum</strong></span> <span class='ocrx_word' id='word_1_206' title='bbox 1059 2971 1117 3028; x_wconf 90' lang='lat' dir='ltr'><strong>illis</strong></span> <span class='ocrx_word' id='word_1_207' title='bbox 1127 2971 1378 3030; x_wconf 83' lang='lat' dir='ltr'><strong>foedusamiciciae</strong></span> <span class='ocrx_word' id='word_1_208' title='bbox 1399 2971 1470 3028; x_wconf 90' lang='lat' dir='ltr'><strong>emi-</strong></span> 
     </span>
     <span class='ocr_line' id='line_1_26' title="bbox 416 3052 1414 3146; baseline -0.003 -16"><span class='ocrx_word' id='word_1_209' title='bbox 416 3052 510 3130; x_wconf 74' lang='lat' dir='ltr'><strong>serunt</strong></span> <span class='ocrx_word' id='word_1_210' title='bbox 522 3068 576 3146; x_wconf 79' lang='lat'><strong>,¹⁸)</strong></span> <span class='ocrx_word' id='word_1_211' title='bbox 597 3077 626 3126; x_wconf 90' lang='lat' dir='ltr'><strong>et</strong></span> <span class='ocrx_word' id='word_1_212' title='bbox 646 3087 682 3126; x_wconf 85' lang='lat' dir='ltr'><strong>xx</strong></span> <span class='ocrx_word' id='word_1_213' title='bbox 704 3077 733 3126; x_wconf 90' lang='lat' dir='ltr'><strong>et</strong></span> <span class='ocrx_word' id='word_1_214' title='bbox 752 3070 823 3128; x_wconf 89' lang='lat' dir='ltr'><strong>duos</strong></span> <span class='ocrx_word' id='word_1_215' title='bbox 843 3081 933 3126; x_wconf 88' lang='lat' dir='ltr'><strong>annos</strong></span> <span class='ocrx_word' id='word_1_216' title='bbox 952 3067 993 3126; x_wconf 89' lang='lat' dir='ltr'><strong>ibi</strong></span> <span class='ocrx_word' id='word_1_217' title='bbox 1013 3067 1139 3127; x_wconf 91' lang='lat' dir='ltr'><strong>babitare</strong></span> <span class='ocrx_word' id='word_1_218' title='bbox 1159 3070 1350 3142; x_wconf 88' lang='lat' dir='ltr'><strong>perhibentur.</strong></span> <span class='ocrx_word' id='word_1_219' title='bbox 1411 3089 1414 3100; x_wconf 88' lang='lat'><em>·</em></span> 
     </span>
    </p>
   </div>
   <div class='ocr_carea' id='block_1_7' title="bbox 314 3201 1464 3358">
    <p class='ocr_par' dir='ltr' id='par_1_10' title="bbox 314 3201 1464 3358">
     <span class='ocr_line' id='line_1_27' title="bbox 314 3201 1464 3282; baseline -0.001 -28"><span class='ocrx_word' id='word_1_220' title='bbox 314 3277 316 3282; x_wconf 69' lang='lat'><strong>,</strong></span> <span class='ocrx_word' id='word_1_221' title='bbox 420 3205 423 3212; x_wconf 73' lang='lat'>‘</span> <span class='ocrx_word' id='word_1_222' title='bbox 452 3201 554 3266; x_wconf 84' lang='lat' dir='ltr'><strong>(Captta</strong></span> <span class='ocrx_word' id='word_1_223' title='bbox 572 3215 693 3254; x_wconf 82' lang='lat' dir='ltr'><strong>riri-vr</strong></span> <span class='ocrx_word' id='word_1_224' title='bbox 713 3203 770 3257; x_wconf 77' lang='lat' dir='ltr'><strong>ilde</strong></span> <span class='ocrx_word' id='word_1_225' title='bbox 789 3215 880 3265; x_wconf 90' lang='lat' dir='ltr'><strong>supra,</strong></span> <span class='ocrx_word' id='word_1_226' title='bbox 901 3203 927 3252; x_wconf 89' lang='lat' dir='ltr'><strong>ln</strong></span> <span class='ocrx_word' id='word_1_227' title='bbox 947 3201 1073 3254; x_wconf 79' lang='lat' dir='ltr'><strong>Chronico</strong></span> <span class='ocrx_word' id='word_1_228' title='bbox 1091 3201 1210 3254; x_wconf 80' lang='lat' dir='ltr'><strong>hotharts</strong></span> <span class='ocrx_word' id='word_1_229' title='bbox 1229 3208 1313 3268; x_wconf 88' lang='lat' dir='ltr'><strong>regts,</strong></span> <span class='ocrx_word' id='word_1_230' title='bbox 1333 3217 1349 3255; x_wconf 91' lang='lat' dir='ltr'><strong>a</strong></span> <span class='ocrx_word' id='word_1_231' title='bbox 1367 3204 1416 3256; x_wconf 90' lang='lat' dir='ltr'><strong>col.</strong></span> <span class='ocrx_word' id='word_1_232' title='bbox 1436 3201 1464 3263; x_wconf 82' lang='lat' dir='ltr'><strong>d,</strong></span> 
     </span>
     <span class='ocr_line' id='line_1_28' title="bbox 415 3291 860 3358; baseline -0.002 -16"><span class='ocrx_word' id='word_1_233' title='bbox 415 3297 480 3344; x_wconf 79' lang='lat' dir='ltr'><strong>vers.</strong></span> <span class='ocrx_word' id='word_1_234' title='bbox 498 3291 544 3353; x_wconf 71' lang='lat' dir='ltr'><strong>Pi,</strong></span> <span class='ocrx_word' id='word_1_235' title='bbox 564 3292 597 3344; x_wconf 84' lang='lat' dir='ltr'><strong>ad</strong></span> <span class='ocrx_word' id='word_1_236' title='bbox 614 3291 664 3342; x_wconf 83' lang='lat' dir='ltr'><strong>rol.</strong></span> <span class='ocrx_word' id='word_1_237' title='bbox 686 3293 712 3349; x_wconf 71' lang='lat'><strong>⁵1,</strong></span> <span class='ocrx_word' id='word_1_238' title='bbox 732 3304 788 3343; x_wconf 81' lang='lat' dir='ltr'><strong>vers</strong></span> <span class='ocrx_word' id='word_1_239' title='bbox 807 3291 860 3358; x_wconf 84' lang='lat'><strong>38.)</strong></span> 
     </span>
    </p>
   </div>
   <div class='ocr_carea' id='block_1_8' title="bbox 414 3451 1471 4113">
    <p class='ocr_par' dir='ltr' id='par_1_11' title="bbox 414 3451 1471 4113">
     <span class='ocr_line' id='line_1_29' title="bbox 447 3451 1469 3530; baseline 0 -22"><span class='ocrx_word' id='word_1_240' title='bbox 447 3485 448 3488; x_wconf 60' lang='lat'><em>=</em></span> <span class='ocrx_word' id='word_1_241' title='bbox 496 3451 555 3511; x_wconf 86' lang='lat' dir='ltr'><strong>Vll.</strong></span> <span class='ocrx_word' id='word_1_242' title='bbox 568 3453 631 3508; x_wconf 74' lang='lat' dir='ltr'><strong>,Iste</strong></span> <span class='ocrx_word' id='word_1_243' title='bbox 651 3451 757 3514; x_wconf 82' lang='lat' dir='ltr'><strong>alboin</strong></span> <span class='ocrx_word' id='word_1_244' title='bbox 778 3451 865 3530; x_wconf 79' lang='lat' dir='ltr'><strong>pinsit</strong></span> <span class='ocrx_word' id='word_1_245' title='bbox 885 3460 913 3509; x_wconf 90' lang='lat' dir='ltr'><strong>et</strong></span> <span class='ocrx_word' id='word_1_246' title='bbox 933 3452 1049 3513; x_wconf 85' lang='lat' dir='ltr'><strong>adduxit</strong></span> <span class='ocrx_word' id='word_1_247' title='bbox 1068 3452 1271 3522; x_wconf 78' lang='lat' dir='ltr'><strong>Langobardos</strong></span> <span class='ocrx_word' id='word_1_248' title='bbox 1297 3453 1327 3508; x_wconf 90' lang='lat' dir='ltr'><strong>in</strong></span> <span class='ocrx_word' id='word_1_249' title='bbox 1348 3451 1469 3522; x_wconf 85' lang='lat' dir='ltr'><strong>ltaliam,</strong></span> 
     </span>
     <span class='ocr_line' id='line_1_30' title="bbox 415 3549 1471 3629; baseline -0.001 -23"><span class='ocrx_word' id='word_1_250' title='bbox 415 3549 545 3607; x_wconf 76' lang='lat' dir='ltr'><strong>incitatius</strong></span> <span class='ocrx_word' id='word_1_251' title='bbox 565 3549 601 3629; x_wconf 87' lang='lat' dir='ltr'><strong>ad</strong></span> <span class='ocrx_word' id='word_1_252' title='bbox 627 3549 743 3606; x_wconf 82' lang='lat' dir='ltr'><strong>Nereide</strong></span> <span class='ocrx_word' id='word_1_253' title='bbox 765 3551 933 3622; x_wconf 86' lang='lat' dir='ltr'><strong>proconsule</strong></span> <span class='ocrx_word' id='word_1_254' title='bbox 955 3557 983 3608; x_wconf 92' lang='lat' dir='ltr'><strong>et</strong></span> <span class='ocrx_word' id='word_1_255' title='bbox 1009 3549 1138 3623; x_wconf 87' lang='lat' dir='ltr'><strong>praeside</strong></span> <span class='ocrx_word' id='word_1_256' title='bbox 1159 3550 1272 3620; x_wconf 90' lang='lat' dir='ltr'><strong>ltaliae,</strong></span> <span class='ocrx_word' id='word_1_257' title='bbox 1304 3549 1352 3623; x_wconf 90' lang='lat' dir='ltr'><strong>qoi</strong></span> <span class='ocrx_word' id='word_1_258' title='bbox 1379 3549 1471 3606; x_wconf 91' lang='lat' dir='ltr'><strong>minas</strong></span> 
     </span>
     <span class='ocr_line' id='line_1_31' title="bbox 416 3647 1471 3720; baseline 0 -16"><span class='ocrx_word' id='word_1_259' title='bbox 416 3648 520 3705; x_wconf 86' lang='lat' dir='ltr'><strong>Saltiae</strong></span> <span class='ocrx_word' id='word_1_260' title='bbox 539 3647 653 3718; x_wconf 89' lang='lat' dir='ltr'><strong>reginae</strong></span> <span class='ocrx_word' id='word_1_261' title='bbox 674 3655 733 3704; x_wconf 89' lang='lat' dir='ltr'><strong>erat</strong></span> <span class='ocrx_word' id='word_1_262' title='bbox 753 3649 925 3719; x_wconf 63' lang='lat' dir='ltr'><strong>perterritus,</strong></span> <span class='ocrx_word' id='word_1_263' title='bbox 966 3649 1009 3704; x_wconf 85' lang='lat' dir='ltr'><strong>Eo</strong></span> <span class='ocrx_word' id='word_1_264' title='bbox 1032 3655 1157 3720; x_wconf 86' lang='lat' dir='ltr'><strong>tempore</strong></span> <span class='ocrx_word' id='word_1_265' title='bbox 1187 3663 1250 3704; x_wconf 85' lang='lat' dir='ltr'><strong>cnm</strong></span> <span class='ocrx_word' id='word_1_266' title='bbox 1271 3647 1348 3704; x_wconf 84' lang='lat' dir='ltr'><strong>exire</strong></span> <span class='ocrx_word' id='word_1_267' title='bbox 1368 3663 1471 3720; x_wconf 87' lang='lat' dir='ltr'><strong>coepe-</strong></span> 
     </span>
     <span class='ocr_line' id='line_1_32' title="bbox 415 3745 1469 3818; baseline 0.001 -17"><span class='ocrx_word' id='word_1_268' title='bbox 415 3753 480 3802; x_wconf 86' lang='lat' dir='ltr'><strong>runt</strong></span> <span class='ocrx_word' id='word_1_269' title='bbox 498 3745 677 3817; x_wconf 87' lang='lat' dir='ltr'><strong>Langobardi</strong></span> <span class='ocrx_word' id='word_1_270' title='bbox 698 3762 713 3801; x_wconf 91' lang='lat' dir='ltr'><strong>a</strong></span> <span class='ocrx_word' id='word_1_271' title='bbox 734 3745 902 3814; x_wconf 88' lang='lat' dir='ltr'><strong>Pannonia,</strong></span> <span class='ocrx_word' id='word_1_272' title='bbox 934 3753 1000 3802; x_wconf 92' lang='lat' dir='ltr'><strong>tunc</strong></span> <span class='ocrx_word' id='word_1_273' title='bbox 1021 3745 1149 3803; x_wconf 89' lang='lat' dir='ltr'><strong>lecerunt</strong></span> <span class='ocrx_word' id='word_1_274' title='bbox 1175 3751 1287 3818; x_wconf 88' lang='lat' dir='ltr'><strong>pactum</strong></span> <span class='ocrx_word' id='word_1_275' title='bbox 1314 3753 1343 3802; x_wconf 86' lang='lat' dir='ltr'><strong>et</strong></span> <span class='ocrx_word' id='word_1_276' title='bbox 1369 3745 1469 3802; x_wconf 78' lang='lat' dir='ltr'><strong>foedos</strong></span> 
     </span>
     <span class='ocr_line' id='line_1_33' title="bbox 415 3841 1467 3918; baseline 0.001 -19"><span class='ocrx_word' id='word_1_277' title='bbox 415 3843 558 3900; x_wconf 86' lang='lat' dir='ltr'><strong>amiciciae</strong></span> <span class='ocrx_word' id='word_1_278' title='bbox 578 3843 666 3900; x_wconf 81' lang='lat' dir='ltr'><strong>Abori</strong></span> <span class='ocrx_word' id='word_1_279' title='bbox 687 3858 749 3899; x_wconf 89' lang='lat' dir='ltr'><strong>cum</strong></span> <span class='ocrx_word' id='word_1_280' title='bbox 770 3841 837 3914; x_wconf 90' lang='lat' dir='ltr'><strong>ipsis</strong></span> <span class='ocrx_word' id='word_1_281' title='bbox 859 3842 1052 3913; x_wconf 90' lang='lat' dir='ltr'><strong>Langobardis</strong></span> <span class='ocrx_word' id='word_1_282' title='bbox 1072 3848 1101 3899; x_wconf 89' lang='lat' dir='ltr'><strong>et</strong></span> <span class='ocrx_word' id='word_1_283' title='bbox 1119 3849 1223 3900; x_wconf 87' lang='lat' dir='ltr'><strong>cartam</strong></span> <span class='ocrx_word' id='word_1_284' title='bbox 1239 3843 1467 3918; x_wconf 88' lang='lat' dir='ltr'><strong>conscriptionis,</strong></span> 
     </span>
     <span class='ocr_line' id='line_1_34' title="bbox 414 3940 1470 4014; baseline 0.003 -18"><span class='ocrx_word' id='word_1_285' title='bbox 414 3948 554 4014; x_wconf 88' lang='lat' dir='ltr'><strong>utusque</strong></span> <span class='ocrx_word' id='word_1_286' title='bbox 580 3941 616 3998; x_wconf 91' lang='lat' dir='ltr'><strong>ad</strong></span> <span class='ocrx_word' id='word_1_287' title='bbox 642 3957 733 3997; x_wconf 85' lang='lat' dir='ltr'><strong>anrros</strong></span> <span class='ocrx_word' id='word_1_288' title='bbox 757 3940 914 4010; x_wconf 85' lang='lat' dir='ltr'><strong>ducentos,</strong></span> <span class='ocrx_word' id='word_1_289' title='bbox 950 3941 972 3996; x_wconf 93' lang='lat' dir='ltr'><strong>si</strong></span> <span class='ocrx_word' id='word_1_290' title='bbox 1001 3957 1097 3997; x_wconf 90' lang='lat' dir='ltr'><strong>eorum</strong></span> <span class='ocrx_word' id='word_1_291' title='bbox 1125 3946 1268 4013; x_wconf 86' lang='lat' dir='ltr'><strong>oporteret</strong></span> <span class='ocrx_word' id='word_1_292' title='bbox 1292 3941 1470 3999; x_wconf 85' lang='lat' dir='ltr'><strong>Pannoniam</strong></span> 
     </span>
     <span class='ocr_line' id='line_1_35' title="bbox 415 4037 1470 4113; baseline 0.002 -19"><span class='ocrx_word' id='word_1_293' title='bbox 415 4038 577 4111; x_wconf 85' lang='lat' dir='ltr'><strong>requirere,</strong></span> <span class='ocrx_word' id='word_1_294' title='bbox 606 4038 667 4096; x_wconf 86' lang='lat' dir='ltr'><strong>sine</strong></span> <span class='ocrx_word' id='word_1_295' title='bbox 688 4037 782 4095; x_wconf 89' lang='lat' dir='ltr'><strong>omnia</strong></span> <span class='ocrx_word' id='word_1_296' title='bbox 803 4037 877 4094; x_wconf 90' lang='lat' dir='ltr'><strong>bella</strong></span> <span class='ocrx_word' id='word_1_297' title='bbox 896 4037 1057 4095; x_wconf 88' lang='lat' dir='ltr'><strong>certaminis</strong></span> <span class='ocrx_word' id='word_1_298' title='bbox 1077 4038 1114 4095; x_wconf 90' lang='lat' dir='ltr'><strong>ad</strong></span> <span class='ocrx_word' id='word_1_299' title='bbox 1134 4055 1232 4096; x_wconf 89' lang='lat' dir='ltr'><strong>corum</strong></span> <span class='ocrx_word' id='word_1_300' title='bbox 1253 4045 1361 4112; x_wconf 88' lang='lat' dir='ltr'><strong>partem</strong></span> <span class='ocrx_word' id='word_1_301' title='bbox 1381 4039 1470 4113; x_wconf 87' lang='lat' dir='ltr'><strong>ipsam</strong></span> 
     </span>
    </p>
   </div>
   <div class='ocr_carea' id='block_1_9' title="bbox 415 4133 1470 4602">
    <p class='ocr_par' dir='ltr' id='par_1_12' title="bbox 415 4133 1470 4505">
     <span class='ocr_line' id='line_1_36' title="bbox 416 4133 1467 4210; baseline 0.002 -18"><span class='ocrx_word' id='word_1_302' title='bbox 416 4141 516 4193; x_wconf 88' lang='lat' dir='ltr'><strong>terram</strong></span> <span class='ocrx_word' id='word_1_303' title='bbox 543 4137 716 4205; x_wconf 88' lang='lat' dir='ltr'><strong>relaxarent,</strong></span> <span class='ocrx_word' id='word_1_304' title='bbox 747 4143 775 4192; x_wconf 92' lang='lat' dir='ltr'><strong>et</strong></span> <span class='ocrx_word' id='word_1_305' title='bbox 801 4135 830 4191; x_wconf 93' lang='lat' dir='ltr'><strong>in</strong></span> <span class='ocrx_word' id='word_1_306' title='bbox 860 4133 986 4205; x_wconf 88' lang='lat' dir='ltr'><strong>ltaliam,</strong></span> <span class='ocrx_word' id='word_1_307' title='bbox 1017 4134 1053 4190; x_wconf 77' lang='lat' dir='ltr'><strong>in·</strong></span> <span class='ocrx_word' id='word_1_308' title='bbox 1079 4151 1163 4208; x_wconf 88' lang='lat' dir='ltr'><strong>quam</strong></span> <span class='ocrx_word' id='word_1_309' title='bbox 1191 4135 1245 4210; x_wconf 88' lang='lat' dir='ltr'><strong>ipsi</strong></span> <span class='ocrx_word' id='word_1_310' title='bbox 1273 4145 1467 4210; x_wconf 87' lang='lat' dir='ltr'><strong>perrexerant,</strong></span> 
     </span>
     <span class='ocr_line' id='line_1_37' title="bbox 415 4233 1468 4308; baseline 0.006 -18"><span class='ocrx_word' id='word_1_311' title='bbox 415 4250 503 4307; x_wconf 87' lang='lat' dir='ltr'><strong>usque</strong></span> <span class='ocrx_word' id='word_1_312' title='bbox 524 4235 559 4290; x_wconf 93' lang='lat' dir='ltr'><strong>ad</strong></span> <span class='ocrx_word' id='word_1_313' title='bbox 580 4235 679 4306; x_wconf 92' lang='lat' dir='ltr'><strong>plenos</strong></span> <span class='ocrx_word' id='word_1_314' title='bbox 701 4234 836 4290; x_wconf 88' lang='lat' dir='ltr'><strong>ducentos</strong></span> <span class='ocrx_word' id='word_1_315' title='bbox 856 4233 984 4290; x_wconf 89' lang='lat' dir='ltr'><strong>annosin</strong></span> <span class='ocrx_word' id='word_1_316' title='bbox 1001 4248 1098 4290; x_wconf 90' lang='lat' dir='ltr'><strong>eorum</strong></span> <span class='ocrx_word' id='word_1_317' title='bbox 1119 4233 1254 4291; x_wconf 83' lang='lat' dir='ltr'><strong>auxilium</strong></span> <span class='ocrx_word' id='word_1_318' title='bbox 1266 4241 1360 4292; x_wconf 88' lang='lat' dir='ltr'><strong>essent</strong></span> <span class='ocrx_word' id='word_1_319' title='bbox 1368 4236 1468 4308; x_wconf 85' lang='lat' dir='ltr'><strong>parati.</strong></span> 
     </span>
     <span class='ocr_line' id='line_1_38' title="bbox 415 4330 1470 4416; baseline 0.001 -28"><span class='ocrx_word' id='word_1_320' title='bbox 415 4331 453 4388; x_wconf 83' lang='lat' dir='ltr'><strong>Et</strong></span> <span class='ocrx_word' id='word_1_321' title='bbox 472 4330 558 4389; x_wconf 85' lang='lat' dir='ltr'><strong>morit</strong></span> <span class='ocrx_word' id='word_1_322' title='bbox 576 4347 606 4388; x_wconf 90' lang='lat' dir='ltr'><strong>se</strong></span> <span class='ocrx_word' id='word_1_323' title='bbox 626 4331 733 4389; x_wconf 78' lang='lat' dir='ltr'><strong>Albnin</strong></span> <span class='ocrx_word' id='word_1_324' title='bbox 752 4348 802 4388; x_wconf 83' lang='lat' dir='ltr'><strong>rex</strong></span> <span class='ocrx_word' id='word_1_325' title='bbox 818 4331 1068 4402; x_wconf 80' lang='lat' dir='ltr'><strong>Langobardorum</strong></span> <span class='ocrx_word' id='word_1_326' title='bbox 1088 4331 1123 4416; x_wconf 89' lang='lat' dir='ltr'><strong>de</strong></span> <span class='ocrx_word' id='word_1_327' title='bbox 1140 4332 1287 4390; x_wconf 89' lang='lat' dir='ltr'><strong>Pannonia</strong></span> <span class='ocrx_word' id='word_1_328' title='bbox 1307 4349 1372 4391; x_wconf 85' lang='lat' dir='ltr'><strong>cum</strong></span> <span class='ocrx_word' id='word_1_329' title='bbox 1392 4351 1470 4392; x_wconf 85' lang='lat' dir='ltr'><strong>exer·</strong></span> 
     </span>
     <span class='ocr_line' id='line_1_39' title="bbox 415 4427 1469 4505; baseline 0.002 -19"><span class='ocrx_word' id='word_1_330' title='bbox 415 4430 472 4486; x_wconf 87' lang='lat' dir='ltr'><strong>citu</strong></span> <span class='ocrx_word' id='word_1_331' title='bbox 491 4445 541 4486; x_wconf 92' lang='lat' dir='ltr'><strong>suo</strong></span> <span class='ocrx_word' id='word_1_332' title='bbox 563 4429 643 4486; x_wconf 82' lang='lat' dir='ltr'><strong>valde</strong></span> <span class='ocrx_word' id='word_1_333' title='bbox 664 4429 795 4502; x_wconf 88' lang='lat' dir='ltr'><strong>copioso,</strong></span> <span class='ocrx_word' id='word_1_334' title='bbox 829 4445 926 4486; x_wconf 85' lang='lat' dir='ltr'><strong>mense</strong></span> <span class='ocrx_word' id='word_1_335' title='bbox 946 4427 1094 4503; x_wconf 88' lang='lat' dir='ltr'><strong>aperile¹⁴)</strong></span> <span class='ocrx_word' id='word_1_336' title='bbox 1115 4429 1145 4487; x_wconf 93' lang='lat' dir='ltr'><strong>in</strong></span> <span class='ocrx_word' id='word_1_337' title='bbox 1167 4429 1283 4505; x_wconf 88' lang='lat' dir='ltr'><strong>pascha,</strong></span> <span class='ocrx_word' id='word_1_338' title='bbox 1314 4431 1469 4490; x_wconf 86' lang='lat' dir='ltr'><strong>indictione</strong></span> 
     </span>
    </p>

    <p class='ocr_par' dir='ltr' id='par_1_13' title="bbox 416 4526 1469 4602">
     <span class='ocr_line' id='line_1_40' title="bbox 416 4526 1469 4602; baseline 0.003 -20"><span class='ocrx_word' id='word_1_339' title='bbox 416 4526 524 4599; x_wconf 80' lang='lat' dir='ltr'><strong>prima3</strong></span> <span class='ocrx_word' id='word_1_340' title='bbox 556 4527 679 4584; x_wconf 90' lang='lat' dir='ltr'><strong>secunda</strong></span> <span class='ocrx_word' id='word_1_341' title='bbox 704 4543 770 4584; x_wconf 81' lang='lat' dir='ltr'><strong>vero</strong></span> <span class='ocrx_word' id='word_1_342' title='bbox 797 4526 952 4584; x_wconf 87' lang='lat' dir='ltr'><strong>indictione</strong></span> <span class='ocrx_word' id='word_1_343' title='bbox 977 4526 1129 4600; x_wconf 83' lang='lat' dir='ltr'><strong>incipiente</strong></span> <span class='ocrx_word' id='word_1_344' title='bbox 1155 4533 1309 4602; x_wconf 82' lang='lat' dir='ltr'><strong>coeperunt</strong></span> <span class='ocrx_word' id='word_1_345' title='bbox 1335 4529 1469 4602; x_wconf 81' lang='lat' dir='ltr'><strong>praedare</strong></span> 
     </span>
    </p>
   </div>
   <div class='ocr_carea' id='block_1_10' title="bbox 0 0 1611 5222">
    <p class='ocr_par' dir='ltr' id='par_1_14' title="bbox 0 0 1611 5222">
     <span class='ocr_line' id='line_1_41' title="bbox 0 0 1611 5222; baseline 0 0"><span class='ocrx_word' id='word_1_346' title='bbox 0 0 1611 5222; x_wconf 95' lang='lat' dir='ltr'><strong> </strong></span> 
     </span>
    </p>
   </div>
  </div>
 </body>
</html>
