3172 5228
395 455 437 519 ’16
662 507 664 512 .
776 473 961 520 immotum
983 470 1074 518 usare

395 627 444 682 dus
464 627 565 681 nostris
584 627 632 682 ltoc
649 625 796 696 adjungere
815 624 948 684 inlidicti
968 623 1123 682 audoinus
1135 625 1251 695 pagina,
1272 625 1452 682 involutatae

395 725 503 794 quidem
531 729 625 792 semo,
654 725 726 793 quod
754 730 836 779 amco
864 723 954 790 sumat
979 722 1075 778 moltis
1095 722 1340 792 summitatibus
1360 725 1451 779 causis

396 822 698 876 consommatio
715 822 821 890 primis.
1156 825 1159 829 ’
1254 807 1269 852 ¹¹

475 916 509 991 (l.
530 916 786 991 Repraesentavit),
806 917 870 975 54.
901 916 931 972 Si
959 915 1021 989 quis
1051 916 1184 972 canolam
1215 915 1374 972 donationis
1399 933 1453 988 per

396 1016 541 1086 garethinx
562 1015 631 1073 iacta
653 1023 702 1072 aut
715 1031 766 1088 per
779 1023 937 1088 susceptum
953 1014 1097 1086 launegild
1107 1015 1150 1070 rel
1167 1014 1237 1070 sorte
1250 1013 1452 1086 conparatione

396 1113 558 1182 ostenderit,
581 1121 609 1170 et
630 1129 674 1169 res
695 1114 768 1186 ipsas
789 1114 864 1174 unde
886 1113 991 1184 legitur
1015 1129 1072 1168 non
1096 1112 1264 1195 possederit,
1294 1119 1322 1170 et
1349 1113 1454 1178 dixerit
1564 1109 1565 1174 i

395 1211 471 1284 quod
492 1211 519 1268 ei
540 1211 683 1270 monimen
705 1227 785 1268 suum
797 1212 971 1268 absentatum
987 1210 1099 1266 iuisset:
1122 1209 1145 1265 si
1167 1227 1217 1282 per
1229 1209 1342 1280 triginta
1359 1227 1451 1268 annos

286 1381 290 1392 ¹
393 1317 429 1365 et
442 1325 525 1382 super
535 1309 673 1382 possessio
694 1309 753 1382 ipsa
774 1309 866 1394 tuerit,
890 1325 947 1366 non
968 1309 1071 1366 habeat
1084 1299 1222 1366 adversus'
1235 1325 1300 1366 eum
1321 1309 1368 1380 qui
1386 1325 1454 1380 pos-

395 1407 467 1464 sedit
494 1407 621 1464 iacundia
652 1408 785 1480 loquendi
813 1424 877 1464 cum
904 1407 1047 1468 monimen
1077 1407 1167 1479 ipsum
1198 1406 1274 1479 quod
1303 1408 1452 1464 ostendere

394 1505 520 1571 uidetur,
545 1505 599 1578 nisi
620 1506 679 1578 ipse
700 1505 816 1562 firmiter
837 1506 984 1578 possedeat
1004 1507 1053 1577 qui
1073 1520 1124 1577 per
1144 1503 1257 1574 triginta
1278 1521 1366 1561 annos
1386 1521 1455 1578 pos-

395 1603 483 1668 sedit3
507 1603 571 1675 quia
590 1604 648 1675 jam
668 1603 790 1674 gloriose
818 1602 952 1660 memorie
975 1601 1150 1673 Gsistowmo
1171 1617 1236 1673 rege
1257 1618 1307 1674 per
1327 1619 1383 1658 m
1401 1621 1454 1660 an-

395 1716 495 1757 norum
509 1702 647 1773 possessio
668 1701 822 1758 institutum
844 1708 905 1757 ests
929 1711 993 1757 nom
1014 1699 1044 1756 si
1056 1701 1127 1756 intra
1141 1715 1197 1756 m
1208 1715 1297 1759 anuos
1312 1702 1452 1772 possessio

394 1797 455 1883 ipsa
482 1798 579 1868 luerit,
612 1798 787 1871 pontificium
817 1799 919 1858 hebeat
946 1815 1018 1854 oum
1053 1796 1196 1854 monimen
1222 1812 1272 1853 suo
1300 1797 1452 1855 dicendum
1564 1857 1565 1866 ,

395 1896 471 1968 quod
491 1896 625 1962 voluerit,
658 1904 686 1953 et
706 1895 1010 1969 ipss,qui,possederit
1030 1895 1183 1952 secundum
1203 1895 1333 1954 Edictum
1362 1897 1387 1953 ei
1406 1913 1453 1953 re·
1564 1887 1565 1978 J

396 1993 542 2065 spondeat.

474 2088 536 2165 (ΙΙ.)
566 2091 630 2148 aa.
662 2090 692 2146 Si
720 2091 783 2164 quis
815 2107 924 2147 servum
950 2107 1030 2148 suum
1058 2089 1213 2146 iulirealem
1238 2089 1404 2161 thingarerit
1423 2099 1454 2148 et

395 2188 499 2250 amuud
519 2206 535 2244 a
555 2205 584 2244 se
605 2189 719 2254 leserit,
752 2189 794 2246 vel
815 2197 992 2262 quocumque
1014 2189 1098 2246 modo
1120 2202 1184 2245 eum
1205 2206 1220 2244 a
1241 2203 1271 2244 se
1292 2187 1450 2266 absolserit,

395 2285 424 2342 in
441 2301 530 2346 ,mauu
551 2287 625 2358 regis
646 2287 787 2355 dandum,
809 2294 864 2342 aut
889 2289 919 2343 in
940 2285 1057 2343 ecclesia
1078 2285 1152 2342 circa
1173 2287 1258 2342 altare
1279 2287 1449 2355 ducendum,

314 2429 317 2435 .
394 2390 422 2440 et
442 2392 540 2457 postea
560 2385 619 2457 ipse
639 2386 755 2441 libertus
770 2385 941 2442 voluntatem
955 2385 1066 2457 patroni
1087 2385 1128 2454 sui
1146 2383 1251 2450 iecerit,
1274 2384 1452 2441 manifestare

396 2484 492 2539 deveat
512 2482 627 2538 libertus
657 2483 715 2555 ipse
736 2483 893 2539 libertatem
913 2499 992 2540 suam
1018 2481 1110 2556 sepius
1128 2481 1216 2554 judici
1241 2489 1269 2538 et
1289 2483 1324 2538 ad
1346 2482 1453 2540 meinos

394 2595 469 2646 suos,
494 2581 570 2652 quod
590 2581 663 2636 liber
682 2587 709 2634 et
731 2581 871 2636 absolutus
893 2596 953 2636 esse
974 2580 1100 2658 videturg
1121 2587 1149 2637 at
1169 2586 1266 2653 postea
1281 2582 1359 2637 nullo
1381 2587 1453 2637 tem-

396 2695 464 2755 pore
495 2679 553 2751 ipsa
583 2685 714 2750 patronus
733 2686 787 2736 aut
812 2679 930 2736 heredes
951 2679 1010 2752 ojus
1031 2686 1126 2736 contro
1148 2695 1212 2734 eum
1233 2678 1280 2751 qui
1308 2678 1453 2734 libertatus
1564 2679 1565 2740 l

396 2783 438 2832 est
457 2776 594 2848 querellas
615 2776 724 2848 possint
742 2792 870 2844 movere,
904 2777 1023 2833 dicendo
1052 2778 1126 2849 quod
1149 2776 1174 2832 ei
1204 2777 1302 2860 deveat
1323 2776 1450 2847 obedire,

396 2889 448 2946 pro
469 2890 502 2929 eo
524 2875 599 2946 quod
621 2889 670 2930 sua
690 2880 789 2947 sponte
818 2891 868 2947 pro
890 2874 1058 2932 beneficium
1087 2872 1122 2929 de
1144 2873 1259 2930 domino
1281 2891 1330 2930 suo
1352 2875 1451 2931 volun·
1489 2917 1492 2922 .
1564 2851 1565 2860 ἵ

396 2978 478 3028 tatem
500 2971 557 3043 ejus
579 2972 691 3043 iecerat,
714 2978 756 3029 set
775 2972 861 3028 firmis
883 2978 910 3029 et
930 2972 958 3028 in
981 2989 1028 3029 sua
1050 2979 1214 3045 permaneat
1233 2971 1356 3030 libertas.
1564 3013 1565 3044 ,

476 3067 559 3143 (ΠΙ.)
585 3063 651 3127 56.
682 3070 711 3126 Si
733 3073 795 3143 quis
816 3070 901 3127 alium
922 3067 958 3126 de
986 3071 1058 3126 iurto
1080 3069 1242 3143 pulsaverit,
1269 3077 1298 3126 et
1323 3085 1374 3142 per
1400 3085 1453 3142 pu*
1564 3059 1565 3116 l

396 3165 479 3238 guam
500 3184 565 3224 aum
585 3167 681 3224 uicerit
702 3177 749 3224 aut
769 3168 839 3224 sorte
860 3182 911 3241 per
931 3167 1104 3224 districtione
1132 3185 1147 3224 a
1168 3167 1281 3240 puplico
1303 3168 1373 3224 iacta
1392 3183 1452 3224 usa-

397 3265 530 3322 ueiestata
551 3265 654 3335 suerit,
679 3273 705 3321 et
726 3266 882 3339 conpositio
896 3266 975 3322 iacta
996 3265 1094 3335 luerit,
1118 3273 1145 3322 et
1166 3274 1263 3337 postea*
1282 3265 1341 3338 ipse
1362 3265 1452 3321 iurtus

398 3369 465 3434 aput
484 3363 569 3418 alium
591 3361 734 3419 hominem
754 3363 882 3419 inventus
904 3363 996 3433 iussit,
1019 3370 1046 3419 et
1068 3363 1259 3420 certaverint
1280 3364 1450 3436 apparuerit,

398 3461 472 3532 quod
494 3461 554 3532 ipse
575 3460 622 3532 qui
643 3459 720 3533 prius
741 3461 926 3534 conposuerat
946 3467 1005 3518 rem
1026 3460 1114 3534 ipsam
1136 3461 1332 3519 non'iurasit:
1356 3461 1452 3517 omnia

398 3558 535 3631 quidquid
556 3557 615 3630 ipse
636 3559 783 3634 conposuit
802 3559 917 3632 recipiat
937 3559 972 3615 ab
994 3575 1027 3615 eo
1047 3559 1092 3614 oui
1114 3556 1315 3632 conposuerat,
1343 3565 1376 3614 et
1390 3558 1451 3632 ipse

397 3662 538 3726 conponat
558 3662 625 3729 aput
645 3673 727 3728 quem
749 3656 835 3713 iustus
855 3657 915 3728 ipse
937 3663 1033 3729 postea
1054 3657 1181 3714 inventus
1202 3657 1304 3723 iucrit;
1334 3673 1398 3713 nom
1427 3657 1452 3714 si

398 3753 497 3826 aliquit
516 3769 566 3826 pro
588 3760 794 3826 sagramentum
814 3771 894 3812 suum
916 3745 1039 3828 dederit,
1063 3755 1164 3810 habeat
1184 3755 1243 3826 ipse
1264 3756 1308 3812 oui
1330 3755 1450 3811 dederit.

397 3850 467 3909 Nam
496 3851 519 3907 si
549 3857 623 3909 certa
652 3852 751 3910 veritas
780 3869 837 3908 non
869 3853 1028 3926 apparuerit
1048 3854 1124 3926 quod
1144 3853 1214 3909 alter
1240 3854 1325 3910 homo
1343 3853 1451 3910 ini-tum

397 3948 488 4021 ipsum
499 3950 611 4021 fecissit,
635 3957 663 4007 et
683 3932 947 4023 perdistrictiouem
961 3951 1191 4021 manetestaverit‚
1215 3958 1242 4008 st
1259 3951 1450 4024 composuerit,

397 4051 499 4107 haheat
518 4050 571 4108 sibi
592 4051 681 4123 ipsam
702 4051 925 4124 conpositionem
945 4051 989 4107 cui
1011 4049 1164 4123 conposuit

476 4147 574 4222 (llll.)
603 4148 662 4205 tta.
693 4148 722 4204 Si
750 4149 812 4221 quis
833 4135 953 4204 devitum
975 4147 1070 4204 iecerit
1090 4154 1117 4203 et
1137 4164 1181 4204 res
1196 4163 1265 4204 *suas
1281 4147 1449 4218 vindederit,

399 4253 427 4302 et
453 4245 515 4302 talis
542 4246 625 4303 luerit
652 4246 711 4318 ipse
738 4246 860 4303 desitum
888 4247 965 4320 quod
993 4261 1089 4303 sanare
1117 4261 1175 4301 nou
1196 4246 1302 4319 possit,
1330 4250 1357 4302 et
1377 4245 1451 4302 lilius

398 4345 457 4418 ejus
479 4361 529 4418 per
548 4360 662 4402 uxorem
683 4361 761 4401 suam
781 4345 887 4418 aliquid
908 4342 1107 4416 conquisierit,
1132 4346 1174 4400 vel
1202 4349 1299 4417 postea
1327 4344 1380 4400 sibi
1401 4360 1452 4416 per

398 4459 574 4517 quocumque
594 4443 678 4514 genio
695 4443 991 4524 laboraveritposteus
1006 4442 1117 4514 genitor
1138 4443 1195 4515 ejus
1211 4459 1308 4499 omnes
1328 4459 1372 4498 res
1388 4457 1450 4498 suas
