<?xml version="1.0" encoding="UTF-8"?>
<!DOCTYPE html PUBLIC "-//W3C//DTD XHTML 1.0 Transitional//EN"
    "http://www.w3.org/TR/xhtml1/DTD/xhtml1-transitional.dtd">
<html xmlns="http://www.w3.org/1999/xhtml" xml:lang="en" lang="en">
 <head>
  <title>
</title>
<meta http-equiv="Content-Type" content="text/html;charset=utf-8" />
  <meta name='ocr-system' content='tesseract 3.04.00' />
  <meta name='ocr-capabilities' content='ocr_page ocr_carea ocr_par ocr_line ocrx_word'/>
</head>
<body>
  <div class='ocr_page' id='page_1' title='image "./edictaregumlang01neiggoog_0031.png"; bbox 0 0 3172 5228; ppageno 0'>
   <div class='ocr_carea' id='block_1_1' title="bbox 366 489 1026 555">
    <p class='ocr_par' dir='ltr' id='par_1_1' title="bbox 366 489 1026 555">
     <span class='ocr_line' id='line_1_1' title="bbox 366 489 1026 555; baseline 0.006 -5"><span class='ocrx_word' id='word_1_1' title='bbox 366 489 405 550; x_wconf 82' lang='grc'><strong>10</strong></span> <span class='ocrx_word' id='word_1_2' title='bbox 756 508 912 554; x_wconf 79' lang='lat' dir='ltr'><strong>nonnanis</strong></span> <span class='ocrx_word' id='word_1_3' title='bbox 935 505 1026 555; x_wconf 76' lang='lat' dir='ltr'><strong>anais</strong></span> 
     </span>
    </p>
   </div>
   <div class='ocr_carea' id='block_1_2' title="bbox 361 631 1517 4552">
    <p class='ocr_par' dir='ltr' id='par_1_2' title="bbox 361 631 1479 830">
     <span class='ocr_line' id='line_1_2' title="bbox 361 631 1479 734; baseline 0.002 -20"><span class='ocrx_word' id='word_1_4' title='bbox 361 661 435 726; x_wconf 81' lang='lat' dir='ltr'><strong>tom,</strong></span> <span class='ocrx_word' id='word_1_5' title='bbox 466 665 608 728; x_wconf 88' lang='lat' dir='ltr'><strong>conponat</strong></span> <span class='ocrx_word' id='word_1_6' title='bbox 635 655 740 714; x_wconf 86' lang='lat' dir='ltr'><strong>solidos</strong></span> <span class='ocrx_word' id='word_1_7' title='bbox 760 659 885 730; x_wconf 71' lang='lat' dir='ltr'><strong>rigentia</strong></span> <span class='ocrx_word' id='word_1_8' title='bbox 915 666 1033 734; x_wconf 86' lang='lat' dir='ltr'><strong>excepto</strong></span> <span class='ocrx_word' id='word_1_9' title='bbox 1061 647 1125 716; x_wconf 83' lang='lat' dir='ltr'><strong>curn</strong></span> <span class='ocrx_word' id='word_1_10' title='bbox 1146 661 1242 734; x_wconf 86' lang='lat' dir='ltr'><strong>plagas</strong></span> <span class='ocrx_word' id='word_1_11' title='bbox 1263 666 1309 722; x_wconf 87' lang='lat' dir='ltr'><strong>aot</strong></span> <span class='ocrx_word' id='word_1_12' title='bbox 1329 658 1423 716; x_wconf 81' lang='lat' dir='ltr'><strong>toritas</strong></span> <span class='ocrx_word' id='word_1_13' title='bbox 1448 631 1479 704; x_wconf 60' lang='lat' dir='ltr'><strong>l*</strong></span> 
     </span>
     <span class='ocr_line' id='line_1_3' title="bbox 362 755 1124 830; baseline 0.007 -19"><span class='ocrx_word' id='word_1_14' title='bbox 362 755 467 820; x_wconf 86' lang='lat' dir='ltr'><strong>iecerit,</strong></span> <span class='ocrx_word' id='word_1_15' title='bbox 491 755 561 812; x_wconf 87' lang='lat' dir='ltr'><strong>sicut</strong></span> <span class='ocrx_word' id='word_1_16' title='bbox 581 756 609 812; x_wconf 91' lang='lat' dir='ltr'><strong>in</strong></span> <span class='ocrx_word' id='word_1_17' title='bbox 632 755 685 811; x_wconf 88' lang='lat' dir='ltr'><strong>hoc</strong></span> <span class='ocrx_word' id='word_1_18' title='bbox 707 755 835 814; x_wconf 86' lang='lat' dir='ltr'><strong>Edictum</strong></span> <span class='ocrx_word' id='word_1_19' title='bbox 856 757 958 827; x_wconf 86' lang='lat' dir='ltr'><strong>legitur</strong></span> <span class='ocrx_word' id='word_1_20' title='bbox 979 758 1124 830; x_wconf 87' lang='lat' dir='ltr'><strong>persolvat.</strong></span> 
     </span>
    </p>

    <p class='ocr_par' dir='ltr' id='par_1_3' title="bbox 362 851 1474 1320">
     <span class='ocr_line' id='line_1_4' title="bbox 443 851 1423 928; baseline 0.002 -18"><span class='ocrx_word' id='word_1_21' title='bbox 443 851 506 910; x_wconf 70' lang='grc'><strong>85.</strong></span> <span class='ocrx_word' id='word_1_22' title='bbox 529 851 581 926; x_wconf 78' lang='lat' dir='ltr'><strong>(De</strong></span> <span class='ocrx_word' id='word_1_23' title='bbox 601 855 779 928; x_wconf 79' lang='lat' dir='ltr'><strong>scordalum.)</strong></span> <span class='ocrx_word' id='word_1_24' title='bbox 823 855 852 911; x_wconf 95' lang='lat' dir='ltr'><strong>Si</strong></span> <span class='ocrx_word' id='word_1_25' title='bbox 881 855 943 928; x_wconf 93' lang='lat' dir='ltr'><strong>quis</strong></span> <span class='ocrx_word' id='word_1_26' title='bbox 964 856 1126 913; x_wconf 87' lang='lat' dir='ltr'><strong>scandalum</strong></span> <span class='ocrx_word' id='word_1_27' title='bbox 1148 855 1176 911; x_wconf 92' lang='lat' dir='ltr'><strong>in</strong></span> <span class='ocrx_word' id='word_1_28' title='bbox 1199 855 1316 917; x_wconf 86' lang='lat' dir='ltr'><strong>ecclesia</strong></span> <span class='ocrx_word' id='word_1_29' title='bbox 1337 871 1423 928; x_wconf 82' lang='lat' dir='ltr'><strong>penc-</strong></span> 
     </span>
     <span class='ocr_line' id='line_1_5' title="bbox 362 951 1474 1032; baseline 0 -24"><span class='ocrx_word' id='word_1_30' title='bbox 362 951 483 1021; x_wconf 87' lang='lat' dir='ltr'><strong>traverit,</strong></span> <span class='ocrx_word' id='word_1_31' title='bbox 506 951 695 1024; x_wconf 77' lang='lat' dir='ltr'><strong>quadragenta</strong></span> <span class='ocrx_word' id='word_1_32' title='bbox 716 953 821 1032; x_wconf 85' lang='lat' dir='ltr'><strong>solidos</strong></span> <span class='ocrx_word' id='word_1_33' title='bbox 842 952 927 1025; x_wconf 90' lang='lat' dir='ltr'><strong>ipsius</strong></span> <span class='ocrx_word' id='word_1_34' title='bbox 942 952 1113 1010; x_wconf 86' lang='lat' dir='ltr'><strong>veneravelis</strong></span> <span class='ocrx_word' id='word_1_35' title='bbox 1135 954 1189 1012; x_wconf 90' lang='lat' dir='ltr'><strong>loci</strong></span> <span class='ocrx_word' id='word_1_36' title='bbox 1210 953 1245 1010; x_wconf 90' lang='lat' dir='ltr'><strong>sit</strong></span> <span class='ocrx_word' id='word_1_37' title='bbox 1261 954 1421 1026; x_wconf 86' lang='lat' dir='ltr'><strong>culparetis,</strong></span> <span class='ocrx_word' id='word_1_38' title='bbox 1453 958 1474 1003; x_wconf 81' lang='lat' dir='ltr'>v</span> 
     </span>
     <span class='ocr_line' id='line_1_6' title="bbox 363 1049 1423 1124; baseline 0.003 -19"><span class='ocrx_word' id='word_1_39' title='bbox 363 1056 478 1122; x_wconf 84' lang='lat' dir='ltr'><strong>excepto</strong></span> <span class='ocrx_word' id='word_1_40' title='bbox 499 1050 594 1121; x_wconf 79' lang='lat' dir='ltr'><strong>plagas</strong></span> <span class='ocrx_word' id='word_1_41' title='bbox 621 1056 667 1105; x_wconf 89' lang='lat' dir='ltr'><strong>aut</strong></span> <span class='ocrx_word' id='word_1_42' title='bbox 688 1049 782 1108; x_wconf 80' lang='lat' dir='ltr'><strong>feritas</strong></span> <span class='ocrx_word' id='word_1_43' title='bbox 803 1051 847 1106; x_wconf 87' lang='lat' dir='ltr'><strong>oui</strong></span> <span class='ocrx_word' id='word_1_44' title='bbox 874 1050 979 1108; x_wconf 84' lang='lat' dir='ltr'><strong>iecerit.</strong></span> <span class='ocrx_word' id='word_1_45' title='bbox 1021 1051 1057 1106; x_wconf 79' lang='lat' dir='ltr'><strong>ttr</strong></span> <span class='ocrx_word' id='word_1_46' title='bbox 1087 1052 1214 1124; x_wconf 86' lang='lat' dir='ltr'><strong>predicti</strong></span> <span class='ocrx_word' id='word_1_47' title='bbox 1233 1051 1423 1124; x_wconf 76' lang='lat' dir='ltr'><strong>quadragenta</strong></span> 
     </span>
     <span class='ocr_line' id='line_1_7' title="bbox 362 1146 1472 1222; baseline 0.004 -20"><span class='ocrx_word' id='word_1_48' title='bbox 362 1146 444 1202; x_wconf 90' lang='lat' dir='ltr'><strong>solidi</strong></span> <span class='ocrx_word' id='word_1_49' title='bbox 465 1162 517 1219; x_wconf 85' lang='lat' dir='ltr'><strong>per</strong></span> <span class='ocrx_word' id='word_1_50' title='bbox 536 1146 675 1204; x_wconf 84' lang='lat' dir='ltr'><strong>sculdahis</strong></span> <span class='ocrx_word' id='word_1_51' title='bbox 697 1155 744 1205; x_wconf 85' lang='lat' dir='ltr'><strong>aut</strong></span> <span class='ocrx_word' id='word_1_52' title='bbox 761 1148 884 1222; x_wconf 81' lang='lat' dir='ltr'><strong>judicem</strong></span> <span class='ocrx_word' id='word_1_53' title='bbox 897 1148 953 1221; x_wconf 74' lang='lat' dir='ltr'><strong>vqui</strong></span> <span class='ocrx_word' id='word_1_54' title='bbox 975 1149 1003 1204; x_wconf 92' lang='lat' dir='ltr'><strong>in</strong></span> <span class='ocrx_word' id='word_1_55' title='bbox 1018 1150 1090 1214; x_wconf 77' lang='lat' dir='ltr'><strong>¹locu</strong></span> <span class='ocrx_word' id='word_1_56' title='bbox 1105 1151 1248 1206; x_wconf 89' lang='lat' dir='ltr'><strong>ordinatus</strong></span> <span class='ocrx_word' id='word_1_57' title='bbox 1263 1151 1345 1206; x_wconf 86' lang='lat' dir='ltr'><strong>luerit</strong></span> <span class='ocrx_word' id='word_1_58' title='bbox 1360 1167 1425 1206; x_wconf 85' lang='lat' dir='ltr'><strong>exe-</strong></span> <span class='ocrx_word' id='word_1_59' title='bbox 1438 1160 1472 1192; x_wconf 68' lang='lat' dir='ltr'><em>v</em></span> 
     </span>
     <span class='ocr_line' id='line_1_8' title="bbox 362 1245 1422 1320; baseline 0.004 -20"><span class='ocrx_word' id='word_1_60' title='bbox 362 1252 478 1316; x_wconf 86' lang='lat' dir='ltr'><strong>gantur,</strong></span> <span class='ocrx_word' id='word_1_61' title='bbox 510 1251 538 1300; x_wconf 88' lang='lat' dir='ltr'><strong>et</strong></span> <span class='ocrx_word' id='word_1_62' title='bbox 563 1245 592 1300; x_wconf 89' lang='lat' dir='ltr'><strong>iu</strong></span> <span class='ocrx_word' id='word_1_63' title='bbox 614 1261 722 1301; x_wconf 89' lang='lat' dir='ltr'><strong>sacrum</strong></span> <span class='ocrx_word' id='word_1_64' title='bbox 745 1245 872 1302; x_wconf 86' lang='lat' dir='ltr'><strong>altarium</strong></span> <span class='ocrx_word' id='word_1_65' title='bbox 894 1247 940 1302; x_wconf 80' lang='lat' dir='ltr'><strong>ulti</strong></span> <span class='ocrx_word' id='word_1_66' title='bbox 961 1247 1063 1320; x_wconf 85' lang='lat' dir='ltr'><strong>injuria</strong></span> <span class='ocrx_word' id='word_1_67' title='bbox 1085 1249 1219 1304; x_wconf 86' lang='lat' dir='ltr'><strong>iactaest</strong></span> <span class='ocrx_word' id='word_1_68' title='bbox 1238 1253 1422 1320; x_wconf 79' lang='lat' dir='ltr'><strong>conponatur.</strong></span> 
     </span>
    </p>

    <p class='ocr_par' dir='ltr' id='par_1_4' title="bbox 362 1343 1484 1611">
     <span class='ocr_line' id='line_1_9' title="bbox 442 1343 1426 1419; baseline 0 -18"><span class='ocrx_word' id='word_1_69' title='bbox 442 1344 508 1401; x_wconf 71' lang='grc'><strong>86.</strong></span> <span class='ocrx_word' id='word_1_70' title='bbox 552 1343 580 1399; x_wconf 91' lang='lat' dir='ltr'><strong>Si</strong></span> <span class='ocrx_word' id='word_1_71' title='bbox 603 1343 665 1417; x_wconf 90' lang='lat' dir='ltr'><strong>quis</strong></span> <span class='ocrx_word' id='word_1_72' title='bbox 685 1343 758 1400; x_wconf 89' lang='lat' dir='ltr'><strong>intra</strong></span> <span class='ocrx_word' id='word_1_73' title='bbox 774 1343 907 1416; x_wconf 89' lang='lat' dir='ltr'><strong>palatium</strong></span> <span class='ocrx_word' id='word_1_74' title='bbox 928 1345 975 1400; x_wconf 92' lang='lat' dir='ltr'><strong>ubi</strong></span> <span class='ocrx_word' id='word_1_75' title='bbox 997 1362 1062 1417; x_wconf 89' lang='lat' dir='ltr'><strong>rege</strong></span> <span class='ocrx_word' id='word_1_76' title='bbox 1085 1353 1178 1419; x_wconf 90' lang='lat' dir='ltr'><strong>preest</strong></span> <span class='ocrx_word' id='word_1_77' title='bbox 1194 1346 1356 1404; x_wconf 86' lang='lat' dir='ltr'><strong>scandalum</strong></span> <span class='ocrx_word' id='word_1_78' title='bbox 1377 1362 1426 1418; x_wconf 89' lang='lat' dir='ltr'><strong>pe·</strong></span> 
     </span>
     <span class='ocr_line' id='line_1_10' title="bbox 362 1437 1484 1516; baseline -0.003 -19"><span class='ocrx_word' id='word_1_79' title='bbox 362 1447 471 1502; x_wconf 84' lang='lat' dir='ltr'><strong>nstrare</strong></span> <span class='ocrx_word' id='word_1_80' title='bbox 493 1440 682 1513; x_wconf 82' lang='lat' dir='ltr'><strong>presumserit,</strong></span> <span class='ocrx_word' id='word_1_81' title='bbox 705 1441 797 1498; x_wconf 86' lang='lat' dir='ltr'><strong>anime</strong></span> <span class='ocrx_word' id='word_1_82' title='bbox 819 1457 884 1498; x_wconf 87' lang='lat' dir='ltr'><strong>suae</strong></span> <span class='ocrx_word' id='word_1_83' title='bbox 907 1443 1030 1499; x_wconf 82' lang='lat' dir='ltr'><strong>incurrat</strong></span> <span class='ocrx_word' id='word_1_84' title='bbox 1046 1443 1211 1516; x_wconf 86' lang='lat' dir='ltr'><strong>periculum,</strong></span> <span class='ocrx_word' id='word_1_85' title='bbox 1235 1450 1281 1500; x_wconf 88' lang='lat' dir='ltr'><strong>aut</strong></span> <span class='ocrx_word' id='word_1_86' title='bbox 1301 1444 1425 1500; x_wconf 88' lang='lat' dir='ltr'><strong>redemat</strong></span> <span class='ocrx_word' id='word_1_87' title='bbox 1445 1437 1484 1494; x_wconf 49' lang='grc' dir='ltr'><strong>(ε.</strong></span> 
     </span>
     <span class='ocr_line' id='line_1_11' title="bbox 363 1525 1438 1611; baseline 0.001 -15"><span class='ocrx_word' id='word_1_88' title='bbox 363 1539 455 1596; x_wconf 86' lang='lat' dir='ltr'><strong>anima</strong></span> <span class='ocrx_word' id='word_1_89' title='bbox 476 1555 536 1604; x_wconf 90' lang='lat' dir='ltr'><strong>sua,</strong></span> <span class='ocrx_word' id='word_1_90' title='bbox 558 1537 580 1595; x_wconf 91' lang='lat' dir='ltr'><strong>si</strong></span> <span class='ocrx_word' id='word_1_91' title='bbox 602 1539 736 1596; x_wconf 83' lang='lat' dir='ltr'><strong>obtenere</strong></span> <span class='ocrx_word' id='word_1_92' title='bbox 757 1540 878 1611; x_wconf 89' lang='lat' dir='ltr'><strong>potuerit</strong></span> <span class='ocrx_word' id='word_1_93' title='bbox 898 1557 913 1596; x_wconf 90' lang='lat' dir='ltr'><strong>a</strong></span> <span class='ocrx_word' id='word_1_94' title='bbox 935 1557 1011 1611; x_wconf 88' lang='lat' dir='ltr'><strong>rege.</strong></span> <span class='ocrx_word' id='word_1_95' title='bbox 1434 1525 1438 1534; x_wconf 52' lang='lat'><strong><em>¹</em></strong></span> 
     </span>
    </p>

    <p class='ocr_par' dir='ltr' id='par_1_5' title="bbox 361 1637 1427 2200">
     <span class='ocr_line' id='line_1_12' title="bbox 442 1637 1424 1710; baseline 0 -16"><span class='ocrx_word' id='word_1_96' title='bbox 442 1639 500 1695; x_wconf 62' lang='grc' dir='ltr'><strong>Μ.</strong></span> <span class='ocrx_word' id='word_1_97' title='bbox 544 1637 572 1692; x_wconf 88' lang='lat' dir='ltr'><strong>Si</strong></span> <span class='ocrx_word' id='word_1_98' title='bbox 595 1637 657 1709; x_wconf 91' lang='lat' dir='ltr'><strong>quis</strong></span> <span class='ocrx_word' id='word_1_99' title='bbox 678 1637 750 1694; x_wconf 89' lang='lat' dir='ltr'><strong>liber</strong></span> <span class='ocrx_word' id='word_1_100' title='bbox 766 1638 849 1694; x_wconf 90' lang='lat' dir='ltr'><strong>tromo</strong></span> <span class='ocrx_word' id='word_1_101' title='bbox 871 1639 899 1694; x_wconf 91' lang='lat' dir='ltr'><strong>in</strong></span> <span class='ocrx_word' id='word_1_102' title='bbox 916 1638 1013 1694; x_wconf 87' lang='lat' dir='ltr'><strong>eadem</strong></span> <span class='ocrx_word' id='word_1_103' title='bbox 1028 1638 1167 1695; x_wconf 89' lang='lat' dir='ltr'><strong>civitatem</strong></span> <span class='ocrx_word' id='word_1_104' title='bbox 1188 1637 1235 1695; x_wconf 90' lang='lat' dir='ltr'><strong>ubi</strong></span> <span class='ocrx_word' id='word_1_105' title='bbox 1258 1655 1307 1694; x_wconf 87' lang='lat' dir='ltr'><strong>rex</strong></span> <span class='ocrx_word' id='word_1_106' title='bbox 1321 1644 1424 1710; x_wconf 82' lang='lat' dir='ltr'><strong>preest,</strong></span> 
     </span>
     <span class='ocr_line' id='line_1_13' title="bbox 361 1735 1424 1810; baseline 0.001 -20"><span class='ocrx_word' id='word_1_107' title='bbox 361 1743 408 1790; x_wconf 89' lang='lat' dir='ltr'><strong>aut</strong></span> <span class='ocrx_word' id='word_1_108' title='bbox 429 1741 496 1790; x_wconf 91' lang='lat' dir='ltr'><strong>tunc</strong></span> <span class='ocrx_word' id='word_1_109' title='bbox 518 1735 657 1790; x_wconf 91' lang='lat' dir='ltr'><strong>invenitur</strong></span> <span class='ocrx_word' id='word_1_110' title='bbox 678 1751 757 1804; x_wconf 84' lang='lat' dir='ltr'><strong>esse,</strong></span> <span class='ocrx_word' id='word_1_111' title='bbox 788 1735 951 1792; x_wconf 90' lang='lat' dir='ltr'><strong>scandatum</strong></span> <span class='ocrx_word' id='word_1_112' title='bbox 973 1745 1119 1808; x_wconf 87' lang='lat' dir='ltr'><strong>penetrare</strong></span> <span class='ocrx_word' id='word_1_113' title='bbox 1142 1736 1365 1810; x_wconf 84' lang='lat' dir='ltr'><strong>presumpserit,</strong></span> <span class='ocrx_word' id='word_1_114' title='bbox 1395 1737 1424 1792; x_wconf 93' lang='lat' dir='ltr'><strong>id</strong></span> 
     </span>
     <span class='ocr_line' id='line_1_14' title="bbox 363 1832 1427 1906; baseline 0.001 -18"><span class='ocrx_word' id='word_1_115' title='bbox 363 1839 405 1890; x_wconf 86' lang='lat' dir='ltr'><strong>est</strong></span> <span class='ocrx_word' id='word_1_116' title='bbox 425 1832 448 1888; x_wconf 92' lang='lat' dir='ltr'><strong>si</strong></span> <span class='ocrx_word' id='word_1_117' title='bbox 469 1832 624 1888; x_wconf 80' lang='lat' dir='ltr'><strong>incitaverit</strong></span> <span class='ocrx_word' id='word_1_118' title='bbox 644 1839 672 1888; x_wconf 95' lang='lat' dir='ltr'><strong>et</strong></span> <span class='ocrx_word' id='word_1_119' title='bbox 694 1851 749 1889; x_wconf 89' lang='lat' dir='ltr'><strong>non</strong></span> <span class='ocrx_word' id='word_1_120' title='bbox 772 1835 955 1906; x_wconf 88' lang='lat' dir='ltr'><strong>percusserit,</strong></span> <span class='ocrx_word' id='word_1_121' title='bbox 988 1834 1024 1889; x_wconf 91' lang='lat' dir='ltr'><strong>sit</strong></span> <span class='ocrx_word' id='word_1_122' title='bbox 1051 1836 1201 1906; x_wconf 79' lang='lat' dir='ltr'><strong>culparetis</strong></span> <span class='ocrx_word' id='word_1_123' title='bbox 1230 1833 1336 1890; x_wconf 89' lang='lat' dir='ltr'><strong>solidos</strong></span> <span class='ocrx_word' id='word_1_124' title='bbox 1357 1834 1427 1890; x_wconf 87' lang='lat' dir='ltr'><strong>duo-</strong></span> 
     </span>
     <span class='ocr_line' id='line_1_15' title="bbox 363 1930 1425 2004; baseline 0.001 -18"><span class='ocrx_word' id='word_1_125' title='bbox 363 1930 454 1986; x_wconf 87' lang='lat' dir='ltr'><strong>dicem</strong></span> <span class='ocrx_word' id='word_1_126' title='bbox 475 1931 503 1986; x_wconf 89' lang='lat' dir='ltr'><strong>in</strong></span> <span class='ocrx_word' id='word_1_127' title='bbox 526 1931 627 2002; x_wconf 89' lang='lat' dir='ltr'><strong>palatio</strong></span> <span class='ocrx_word' id='word_1_128' title='bbox 651 1931 739 2001; x_wconf 89' lang='lat' dir='ltr'><strong>regis,</strong></span> <span class='ocrx_word' id='word_1_129' title='bbox 765 1948 828 1988; x_wconf 88' lang='lat' dir='ltr'><strong>nam</strong></span> <span class='ocrx_word' id='word_1_130' title='bbox 849 1931 871 1987; x_wconf 88' lang='lat' dir='ltr'><strong>si</strong></span> <span class='ocrx_word' id='word_1_131' title='bbox 895 1932 1042 2004; x_wconf 81' lang='lat' dir='ltr'><strong>perfecerit</strong></span> <span class='ocrx_word' id='word_1_132' title='bbox 1062 1940 1090 1987; x_wconf 89' lang='lat' dir='ltr'><strong>et</strong></span> <span class='ocrx_word' id='word_1_133' title='bbox 1110 1932 1286 2004; x_wconf 86' lang='lat' dir='ltr'><strong>percusserit,</strong></span> <span class='ocrx_word' id='word_1_134' title='bbox 1311 1931 1345 1988; x_wconf 85' lang='lat' dir='ltr'><strong>sit</strong></span> <span class='ocrx_word' id='word_1_135' title='bbox 1366 1932 1425 1987; x_wconf 94' lang='lat' dir='ltr'><strong>cul-</strong></span> 
     </span>
     <span class='ocr_line' id='line_1_16' title="bbox 364 2028 1426 2103; baseline 0.001 -20"><span class='ocrx_word' id='word_1_136' title='bbox 364 2030 469 2101; x_wconf 90' lang='lat' dir='ltr'><strong>paretis</strong></span> <span class='ocrx_word' id='word_1_137' title='bbox 489 2028 518 2084; x_wconf 92' lang='lat' dir='ltr'><strong>in</strong></span> <span class='ocrx_word' id='word_1_138' title='bbox 542 2028 643 2100; x_wconf 92' lang='lat' dir='ltr'><strong>palatio</strong></span> <span class='ocrx_word' id='word_1_139' title='bbox 665 2029 738 2099; x_wconf 87' lang='lat' dir='ltr'><strong>regis</strong></span> <span class='ocrx_word' id='word_1_140' title='bbox 761 2029 865 2085; x_wconf 90' lang='lat' dir='ltr'><strong>solidos</strong></span> <span class='ocrx_word' id='word_1_141' title='bbox 885 2029 988 2100; x_wconf 90' lang='lat' dir='ltr'><strong>rigenti</strong></span> <span class='ocrx_word' id='word_1_142' title='bbox 1010 2037 1205 2103; x_wconf 84' lang='lat' dir='ltr'><strong>etquattuor:</strong></span> <span class='ocrx_word' id='word_1_143' title='bbox 1228 2036 1345 2102; x_wconf 84' lang='lat' dir='ltr'><strong>excepto</strong></span> <span class='ocrx_word' id='word_1_144' title='bbox 1367 2031 1426 2101; x_wconf 85' lang='lat' dir='ltr'><strong>pta·</strong></span> 
     </span>
     <span class='ocr_line' id='line_1_17' title="bbox 364 2125 1424 2200; baseline 0.001 -18"><span class='ocrx_word' id='word_1_145' title='bbox 364 2143 412 2198; x_wconf 92' lang='lat' dir='ltr'><strong>gas</strong></span> <span class='ocrx_word' id='word_1_146' title='bbox 423 2133 471 2182; x_wconf 92' lang='lat' dir='ltr'><strong>aut</strong></span> <span class='ocrx_word' id='word_1_147' title='bbox 481 2125 574 2182; x_wconf 87' lang='lat' dir='ltr'><strong>ieritas</strong></span> <span class='ocrx_word' id='word_1_148' title='bbox 585 2127 607 2182; x_wconf 91' lang='lat' dir='ltr'><strong>si</strong></span> <span class='ocrx_word' id='word_1_149' title='bbox 620 2127 725 2195; x_wconf 77' lang='lat' dir='ltr'><strong>lecerit,</strong></span> <span class='ocrx_word' id='word_1_150' title='bbox 744 2127 814 2182; x_wconf 86' lang='lat' dir='ltr'><strong>sicut</strong></span> <span class='ocrx_word' id='word_1_151' title='bbox 823 2125 852 2182; x_wconf 91' lang='lat' dir='ltr'><strong>in</strong></span> <span class='ocrx_word' id='word_1_152' title='bbox 865 2127 919 2183; x_wconf 93' lang='lat' dir='ltr'><strong>hoc</strong></span> <span class='ocrx_word' id='word_1_153' title='bbox 929 2128 1058 2184; x_wconf 86' lang='lat' dir='ltr'><strong>Edictum</strong></span> <span class='ocrx_word' id='word_1_154' title='bbox 1070 2128 1209 2184; x_wconf 86' lang='lat' dir='ltr'><strong>adnexum</strong></span> <span class='ocrx_word' id='word_1_155' title='bbox 1221 2135 1262 2184; x_wconf 89' lang='lat' dir='ltr'><strong>est</strong></span> <span class='ocrx_word' id='word_1_156' title='bbox 1272 2134 1424 2200; x_wconf 89' lang='lat' dir='ltr'><strong>conponat.</strong></span> 
     </span>
    </p>

    <p class='ocr_par' dir='ltr' id='par_1_6' title="bbox 362 2224 1470 2592">
     <span class='ocr_line' id='line_1_18' title="bbox 443 2224 1465 2298; baseline 0 -18"><span class='ocrx_word' id='word_1_157' title='bbox 443 2225 506 2281; x_wconf 79' lang='lat'><strong>88.</strong></span> <span class='ocrx_word' id='word_1_158' title='bbox 549 2224 579 2279; x_wconf 89' lang='lat' dir='ltr'><strong>Si</strong></span> <span class='ocrx_word' id='word_1_159' title='bbox 600 2241 693 2280; x_wconf 90' lang='lat' dir='ltr'><strong>servus</strong></span> <span class='ocrx_word' id='word_1_160' title='bbox 716 2225 855 2281; x_wconf 79' lang='lat' dir='ltr'><strong>incudem</strong></span> <span class='ocrx_word' id='word_1_161' title='bbox 872 2225 1010 2282; x_wconf 90' lang='lat' dir='ltr'><strong>civitatem</strong></span> <span class='ocrx_word' id='word_1_162' title='bbox 1023 2226 1051 2281; x_wconf 91' lang='lat' dir='ltr'><strong>in</strong></span> <span class='ocrx_word' id='word_1_163' title='bbox 1068 2243 1123 2298; x_wconf 91' lang='lat' dir='ltr'><strong>qua</strong></span> <span class='ocrx_word' id='word_1_164' title='bbox 1138 2243 1185 2282; x_wconf 84' lang='lat' dir='ltr'><strong>rex</strong></span> <span class='ocrx_word' id='word_1_165' title='bbox 1201 2233 1267 2282; x_wconf 92' lang='lat' dir='ltr'><strong>tunc</strong></span> <span class='ocrx_word' id='word_1_166' title='bbox 1287 2225 1428 2282; x_wconf 88' lang='lat' dir='ltr'><strong>invenitur</strong></span> <span class='ocrx_word' id='word_1_167' title='bbox 1454 2271 1465 2280; x_wconf 88' lang='lat'><strong>.</strong></span> 
     </span>
     <span class='ocr_line' id='line_1_19' title="bbox 362 2322 1470 2396; baseline 0.002 -19"><span class='ocrx_word' id='word_1_168' title='bbox 362 2337 422 2378; x_wconf 84' lang='lat' dir='ltr'><strong>csse</strong></span> <span class='ocrx_word' id='word_1_169' title='bbox 435 2322 597 2378; x_wconf 88' lang='lat' dir='ltr'><strong>scandatum</strong></span> <span class='ocrx_word' id='word_1_170' title='bbox 613 2323 779 2390; x_wconf 84' lang='lat' dir='ltr'><strong>incitaverit,</strong></span> <span class='ocrx_word' id='word_1_171' title='bbox 792 2323 827 2379; x_wconf 86' lang='lat' dir='ltr'><strong>sit</strong></span> <span class='ocrx_word' id='word_1_172' title='bbox 838 2322 985 2396; x_wconf 86' lang='lat' dir='ltr'><strong>culpabitis</strong></span> <span class='ocrx_word' id='word_1_173' title='bbox 997 2325 1026 2380; x_wconf 89' lang='lat' dir='ltr'><strong>ia</strong></span> <span class='ocrx_word' id='word_1_174' title='bbox 1040 2324 1142 2396; x_wconf 89' lang='lat' dir='ltr'><strong>palatio</strong></span> <span class='ocrx_word' id='word_1_175' title='bbox 1154 2323 1227 2393; x_wconf 87' lang='lat' dir='ltr'><strong>regis</strong></span> <span class='ocrx_word' id='word_1_176' title='bbox 1238 2323 1345 2381; x_wconf 90' lang='lat' dir='ltr'><strong>solidos</strong></span> <span class='ocrx_word' id='word_1_177' title='bbox 1357 2337 1425 2389; x_wconf 68' lang='lat' dir='ltr'><strong>sexa</strong></span> <span class='ocrx_word' id='word_1_178' title='bbox 1454 2323 1470 2350; x_wconf 64' lang='lat'>⁸</span> 
     </span>
     <span class='ocr_line' id='line_1_20' title="bbox 363 2407 1461 2494; baseline 0.001 -19"><span class='ocrx_word' id='word_1_179' title='bbox 363 2425 391 2475; x_wconf 91' lang='lat' dir='ltr'><strong>et</strong></span> <span class='ocrx_word' id='word_1_180' title='bbox 411 2419 433 2476; x_wconf 85' lang='lat' dir='ltr'><strong>si</strong></span> <span class='ocrx_word' id='word_1_181' title='bbox 454 2421 631 2493; x_wconf 86' lang='lat' dir='ltr'><strong>percusserit,</strong></span> <span class='ocrx_word' id='word_1_182' title='bbox 655 2421 691 2476; x_wconf 89' lang='lat' dir='ltr'><strong>sit</strong></span> <span class='ocrx_word' id='word_1_183' title='bbox 711 2421 860 2492; x_wconf 82' lang='lat' dir='ltr'><strong>culparetis</strong></span> <span class='ocrx_word' id='word_1_184' title='bbox 881 2422 986 2477; x_wconf 89' lang='lat' dir='ltr'><strong>solidos</strong></span> <span class='ocrx_word' id='word_1_185' title='bbox 1009 2407 1175 2485; x_wconf 68' lang='lat' dir='ltr'><strong>duodicem</strong></span> <span class='ocrx_word' id='word_1_186' title='bbox 1199 2429 1315 2494; x_wconf 87' lang='lat' dir='ltr'><strong>excepto</strong></span> <span class='ocrx_word' id='word_1_187' title='bbox 1337 2421 1429 2477; x_wconf 73' lang='lat' dir='ltr'><strong>tarrac</strong></span> <span class='ocrx_word' id='word_1_188' title='bbox 1457 2460 1461 2466; x_wconf 86' lang='lat'>-</span> 
     </span>
     <span class='ocr_line' id='line_1_21' title="bbox 363 2518 1426 2592; baseline 0.002 -17"><span class='ocrx_word' id='word_1_189' title='bbox 363 2525 410 2576; x_wconf 85' lang='lat' dir='ltr'><strong>aut</strong></span> <span class='ocrx_word' id='word_1_190' title='bbox 422 2518 624 2590; x_wconf 89' lang='lat' dir='ltr'><strong>conpositionis</strong></span> <span class='ocrx_word' id='word_1_191' title='bbox 639 2521 794 2590; x_wconf 88' lang='lat' dir='ltr'><strong>plagarum,</strong></span> <span class='ocrx_word' id='word_1_192' title='bbox 816 2519 887 2574; x_wconf 88' lang='lat' dir='ltr'><strong>sicut</strong></span> <span class='ocrx_word' id='word_1_193' title='bbox 908 2519 936 2574; x_wconf 92' lang='lat' dir='ltr'><strong>in</strong></span> <span class='ocrx_word' id='word_1_194' title='bbox 957 2519 1010 2575; x_wconf 88' lang='lat' dir='ltr'><strong>hoc</strong></span> <span class='ocrx_word' id='word_1_195' title='bbox 1024 2519 1153 2576; x_wconf 85' lang='lat' dir='ltr'><strong>Edictum</strong></span> <span class='ocrx_word' id='word_1_196' title='bbox 1164 2519 1266 2590; x_wconf 86' lang='lat' dir='ltr'><strong>tegitur</strong></span> <span class='ocrx_word' id='word_1_197' title='bbox 1276 2525 1426 2592; x_wconf 89' lang='lat' dir='ltr'><strong>conponat.</strong></span> 
     </span>
    </p>

    <p class='ocr_par' dir='ltr' id='par_1_7' title="bbox 365 2614 1517 3081">
     <span class='ocr_line' id='line_1_22' title="bbox 443 2614 1517 2698; baseline 0.002 -26"><span class='ocrx_word' id='word_1_198' title='bbox 443 2617 507 2672; x_wconf 80' lang='lat' dir='ltr'><strong>tto.</strong></span> <span class='ocrx_word' id='word_1_199' title='bbox 551 2615 579 2670; x_wconf 90' lang='lat' dir='ltr'><strong>Si</strong></span> <span class='ocrx_word' id='word_1_200' title='bbox 601 2615 674 2671; x_wconf 86' lang='lat' dir='ltr'><strong>tiber</strong></span> <span class='ocrx_word' id='word_1_201' title='bbox 694 2614 779 2698; x_wconf 74' lang='lat' dir='ltr'><strong>homa</strong></span> <span class='ocrx_word' id='word_1_202' title='bbox 808 2617 837 2672; x_wconf 90' lang='lat' dir='ltr'><strong>in</strong></span> <span class='ocrx_word' id='word_1_203' title='bbox 858 2615 941 2672; x_wconf 86' lang='lat' dir='ltr'><strong>aliern</strong></span> <span class='ocrx_word' id='word_1_204' title='bbox 967 2617 1107 2676; x_wconf 85' lang='lat' dir='ltr'><strong>civitatem</strong></span> <span class='ocrx_word' id='word_1_205' title='bbox 1129 2617 1291 2674; x_wconf 88' lang='lat' dir='ltr'><strong>scandalum</strong></span> <span class='ocrx_word' id='word_1_206' title='bbox 1311 2617 1426 2674; x_wconf 89' lang='lat' dir='ltr'><strong>incitare</strong></span> <span class='ocrx_word' id='word_1_207' title='bbox 1513 2639 1517 2651; x_wconf 63' lang='lat'><strong>,</strong></span> 
     </span>
     <span class='ocr_line' id='line_1_23' title="bbox 365 2713 1428 2788; baseline 0.002 -18"><span class='ocrx_word' id='word_1_208' title='bbox 365 2713 581 2788; x_wconf 84' lang='lat' dir='ltr'><strong>presumpserit,</strong></span> <span class='ocrx_word' id='word_1_209' title='bbox 605 2720 632 2769; x_wconf 93' lang='lat' dir='ltr'><strong>et</strong></span> <span class='ocrx_word' id='word_1_210' title='bbox 654 2731 711 2768; x_wconf 90' lang='lat' dir='ltr'><strong>noa</strong></span> <span class='ocrx_word' id='word_1_211' title='bbox 734 2715 919 2786; x_wconf 89' lang='lat' dir='ltr'><strong>percusserit,</strong></span> <span class='ocrx_word' id='word_1_212' title='bbox 952 2714 988 2770; x_wconf 90' lang='lat' dir='ltr'><strong>sit</strong></span> <span class='ocrx_word' id='word_1_213' title='bbox 1008 2715 1158 2788; x_wconf 85' lang='lat' dir='ltr'><strong>culparetis</strong></span> <span class='ocrx_word' id='word_1_214' title='bbox 1179 2715 1207 2770; x_wconf 93' lang='lat' dir='ltr'><strong>in</strong></span> <span class='ocrx_word' id='word_1_215' title='bbox 1229 2715 1332 2787; x_wconf 89' lang='lat' dir='ltr'><strong>palatio</strong></span> <span class='ocrx_word' id='word_1_216' title='bbox 1353 2714 1428 2786; x_wconf 87' lang='lat' dir='ltr'><strong>regis</strong></span> 
     </span>
     <span class='ocr_line' id='line_1_24' title="bbox 366 2804 1480 2887; baseline -0.002 -17"><span class='ocrx_word' id='word_1_217' title='bbox 366 2813 471 2870; x_wconf 89' lang='lat' dir='ltr'><strong>solidos</strong></span> <span class='ocrx_word' id='word_1_218' title='bbox 492 2827 558 2875; x_wconf 78' lang='lat' dir='ltr'><strong>sext</strong></span> <span class='ocrx_word' id='word_1_219' title='bbox 581 2811 603 2866; x_wconf 91' lang='lat' dir='ltr'><strong>si</strong></span> <span class='ocrx_word' id='word_1_220' title='bbox 625 2819 717 2867; x_wconf 89' lang='lat' dir='ltr'><strong>autem</strong></span> <span class='ocrx_word' id='word_1_221' title='bbox 736 2813 903 2884; x_wconf 83' lang='lat' dir='ltr'><strong>percusserit</strong></span> <span class='ocrx_word' id='word_1_222' title='bbox 923 2819 970 2869; x_wconf 92' lang='lat' dir='ltr'><strong>aut</strong></span> <span class='ocrx_word' id='word_1_223' title='bbox 988 2813 1149 2885; x_wconf 88' lang='lat' dir='ltr'><strong>plagaverit,</strong></span> <span class='ocrx_word' id='word_1_224' title='bbox 1173 2813 1208 2868; x_wconf 89' lang='lat' dir='ltr'><strong>sit</strong></span> <span class='ocrx_word' id='word_1_225' title='bbox 1227 2812 1382 2887; x_wconf 85' lang='lat' dir='ltr'><strong>culparetis</strong></span> <span class='ocrx_word' id='word_1_226' title='bbox 1397 2804 1480 2884; x_wconf 50' lang='lat' dir='ltr'><strong>in‘f</strong></span> 
     </span>
     <span class='ocr_line' id='line_1_25' title="bbox 366 2908 1428 2983; baseline 0.001 -17"><span class='ocrx_word' id='word_1_227' title='bbox 366 2908 468 2983; x_wconf 91' lang='lat' dir='ltr'><strong>palatio</strong></span> <span class='ocrx_word' id='word_1_228' title='bbox 498 2909 572 2979; x_wconf 89' lang='lat' dir='ltr'><strong>regis</strong></span> <span class='ocrx_word' id='word_1_229' title='bbox 600 2908 705 2964; x_wconf 89' lang='lat' dir='ltr'><strong>solidos</strong></span> <span class='ocrx_word' id='word_1_230' title='bbox 727 2910 894 2966; x_wconf 84' lang='lat' dir='ltr'><strong>duodecim:</strong></span> <span class='ocrx_word' id='word_1_231' title='bbox 919 2917 1035 2983; x_wconf 84' lang='lat' dir='ltr'><strong>excepto</strong></span> <span class='ocrx_word' id='word_1_232' title='bbox 1061 2910 1263 2983; x_wconf 86' lang='lat' dir='ltr'><strong>conpositionis</strong></span> <span class='ocrx_word' id='word_1_233' title='bbox 1275 2913 1428 2983; x_wconf 68' lang='lat' dir='ltr'><strong>¹plagarum</strong></span> 
     </span>
     <span class='ocr_line' id='line_1_26' title="bbox 366 3006 1366 3081; baseline 0.001 -16"><span class='ocrx_word' id='word_1_234' title='bbox 366 3015 413 3065; x_wconf 89' lang='lat' dir='ltr'><strong>aut</strong></span> <span class='ocrx_word' id='word_1_235' title='bbox 433 3006 526 3066; x_wconf 83' lang='lat' dir='ltr'><strong>latitas</strong></span> <span class='ocrx_word' id='word_1_236' title='bbox 547 3007 569 3062; x_wconf 92' lang='lat' dir='ltr'><strong>si</strong></span> <span class='ocrx_word' id='word_1_237' title='bbox 592 3007 704 3076; x_wconf 90' lang='lat' dir='ltr'><strong>lecerit,</strong></span> <span class='ocrx_word' id='word_1_238' title='bbox 727 3008 798 3065; x_wconf 87' lang='lat' dir='ltr'><strong>sicut</strong></span> <span class='ocrx_word' id='word_1_239' title='bbox 818 3007 847 3064; x_wconf 89' lang='lat' dir='ltr'><strong>in</strong></span> <span class='ocrx_word' id='word_1_240' title='bbox 870 3009 922 3064; x_wconf 91' lang='lat' dir='ltr'><strong>troc</strong></span> <span class='ocrx_word' id='word_1_241' title='bbox 943 3009 1072 3066; x_wconf 85' lang='lat' dir='ltr'><strong>Edictum</strong></span> <span class='ocrx_word' id='word_1_242' title='bbox 1093 3009 1195 3079; x_wconf 78' lang='lat' dir='ltr'><strong>legitur</strong></span> <span class='ocrx_word' id='word_1_243' title='bbox 1214 3013 1366 3081; x_wconf 87' lang='lat' dir='ltr'><strong>conponat.</strong></span> 
     </span>
    </p>

    <p class='ocr_par' dir='ltr' id='par_1_8' title="bbox 365 3103 1430 3472">
     <span class='ocr_line' id='line_1_27' title="bbox 445 3103 1429 3175; baseline 0.002 -15"><span class='ocrx_word' id='word_1_244' title='bbox 445 3105 511 3162; x_wconf 78' lang='lat'><strong>4⁰.</strong></span> <span class='ocrx_word' id='word_1_245' title='bbox 553 3103 582 3159; x_wconf 88' lang='lat' dir='ltr'><strong>Si</strong></span> <span class='ocrx_word' id='word_1_246' title='bbox 604 3121 697 3160; x_wconf 86' lang='lat' dir='ltr'><strong>servus</strong></span> <span class='ocrx_word' id='word_1_247' title='bbox 718 3105 746 3160; x_wconf 94' lang='lat' dir='ltr'><strong>in</strong></span> <span class='ocrx_word' id='word_1_248' title='bbox 769 3105 853 3161; x_wconf 89' lang='lat' dir='ltr'><strong>aliam</strong></span> <span class='ocrx_word' id='word_1_249' title='bbox 874 3106 1011 3162; x_wconf 89' lang='lat' dir='ltr'><strong>civitatem</strong></span> <span class='ocrx_word' id='word_1_250' title='bbox 1029 3107 1190 3162; x_wconf 87' lang='lat' dir='ltr'><strong>scandatom</strong></span> <span class='ocrx_word' id='word_1_251' title='bbox 1210 3105 1361 3175; x_wconf 88' lang='lat' dir='ltr'><strong>comiserit,</strong></span> <span class='ocrx_word' id='word_1_252' title='bbox 1383 3121 1429 3162; x_wconf 85' lang='lat' dir='ltr'><strong>so·</strong></span> 
     </span>
     <span class='ocr_line' id='line_1_28' title="bbox 365 3202 1430 3276; baseline 0.002 -18"><span class='ocrx_word' id='word_1_253' title='bbox 365 3202 438 3259; x_wconf 89' lang='lat' dir='ltr'><strong>lidos</strong></span> <span class='ocrx_word' id='word_1_254' title='bbox 460 3209 514 3258; x_wconf 90' lang='lat' dir='ltr'><strong>tres</strong></span> <span class='ocrx_word' id='word_1_255' title='bbox 535 3202 571 3258; x_wconf 92' lang='lat' dir='ltr'><strong>sit</strong></span> <span class='ocrx_word' id='word_1_256' title='bbox 591 3203 740 3274; x_wconf 83' lang='lat' dir='ltr'><strong>culparetis</strong></span> <span class='ocrx_word' id='word_1_257' title='bbox 760 3204 789 3258; x_wconf 93' lang='lat' dir='ltr'><strong>in</strong></span> <span class='ocrx_word' id='word_1_258' title='bbox 806 3204 909 3276; x_wconf 91' lang='lat' dir='ltr'><strong>palatio</strong></span> <span class='ocrx_word' id='word_1_259' title='bbox 930 3205 1021 3275; x_wconf 79' lang='lat' dir='ltr'><strong>regis3</strong></span> <span class='ocrx_word' id='word_1_260' title='bbox 1045 3205 1067 3259; x_wconf 90' lang='lat' dir='ltr'><strong>si</strong></span> <span class='ocrx_word' id='word_1_261' title='bbox 1085 3211 1177 3261; x_wconf 88' lang='lat' dir='ltr'><strong>autem</strong></span> <span class='ocrx_word' id='word_1_262' title='bbox 1192 3203 1287 3260; x_wconf 87' lang='lat' dir='ltr'><strong>leritas</strong></span> <span class='ocrx_word' id='word_1_263' title='bbox 1307 3209 1354 3260; x_wconf 81' lang='lat' dir='ltr'><strong>aut</strong></span> <span class='ocrx_word' id='word_1_264' title='bbox 1369 3205 1430 3276; x_wconf 89' lang='lat' dir='ltr'><strong>pla-</strong></span> 
     </span>
     <span class='ocr_line' id='line_1_29' title="bbox 367 3300 1428 3374; baseline 0.003 -19"><span class='ocrx_word' id='word_1_265' title='bbox 367 3316 414 3370; x_wconf 87' lang='lat' dir='ltr'><strong>gas</strong></span> <span class='ocrx_word' id='word_1_266' title='bbox 437 3300 550 3368; x_wconf 89' lang='lat' dir='ltr'><strong>iecerit,</strong></span> <span class='ocrx_word' id='word_1_267' title='bbox 581 3300 616 3356; x_wconf 91' lang='lat' dir='ltr'><strong>sit</strong></span> <span class='ocrx_word' id='word_1_268' title='bbox 636 3302 785 3372; x_wconf 90' lang='lat' dir='ltr'><strong>culparetis</strong></span> <span class='ocrx_word' id='word_1_269' title='bbox 806 3301 834 3357; x_wconf 92' lang='lat' dir='ltr'><strong>in</strong></span> <span class='ocrx_word' id='word_1_270' title='bbox 858 3302 961 3374; x_wconf 90' lang='lat' dir='ltr'><strong>palatio</strong></span> <span class='ocrx_word' id='word_1_271' title='bbox 991 3302 1063 3372; x_wconf 89' lang='lat' dir='ltr'><strong>regis</strong></span> <span class='ocrx_word' id='word_1_272' title='bbox 1085 3302 1191 3358; x_wconf 87' lang='lat' dir='ltr'><strong>solidos</strong></span> <span class='ocrx_word' id='word_1_273' title='bbox 1211 3317 1280 3371; x_wconf 84' lang='lat' dir='ltr'><strong>sex,</strong></span> <span class='ocrx_word' id='word_1_274' title='bbox 1310 3309 1428 3373; x_wconf 85' lang='lat' dir='ltr'><strong>excepto</strong></span> 
     </span>
     <span class='ocr_line' id='line_1_30' title="bbox 366 3398 998 3472; baseline 0.008 -18"><span class='ocrx_word' id='word_1_275' title='bbox 366 3398 462 3470; x_wconf 87' lang='lat' dir='ltr'><strong>plagas</strong></span> <span class='ocrx_word' id='word_1_276' title='bbox 483 3404 530 3454; x_wconf 91' lang='lat' dir='ltr'><strong>aut</strong></span> <span class='ocrx_word' id='word_1_277' title='bbox 550 3398 644 3454; x_wconf 84' lang='lat' dir='ltr'><strong>irritas</strong></span> <span class='ocrx_word' id='word_1_278' title='bbox 665 3399 708 3454; x_wconf 94' lang='lat' dir='ltr'><strong>cui</strong></span> <span class='ocrx_word' id='word_1_279' title='bbox 731 3399 827 3455; x_wconf 89' lang='lat' dir='ltr'><strong>lecerit</strong></span> <span class='ocrx_word' id='word_1_280' title='bbox 847 3407 998 3472; x_wconf 88' lang='lat' dir='ltr'><strong>conponat.</strong></span> 
     </span>
    </p>

    <p class='ocr_par' dir='ltr' id='par_1_9' title="bbox 366 3464 1502 4060">
     <span class='ocr_line' id='line_1_31' title="bbox 445 3464 1473 3568; baseline 0.004 -17"><span class='ocrx_word' id='word_1_281' title='bbox 445 3477 505 3556; x_wconf 75' lang='lat' dir='ltr'><strong>at.</strong></span> <span class='ocrx_word' id='word_1_282' title='bbox 528 3495 578 3568; x_wconf 78' lang='lat' dir='ltr'><strong>(Dc</strong></span> <span class='ocrx_word' id='word_1_283' title='bbox 598 3499 704 3552; x_wconf 80' lang='lat' dir='ltr'><strong>lamiae</strong></span> <span class='ocrx_word' id='word_1_284' title='bbox 724 3498 807 3553; x_wconf 78' lang='lat' dir='ltr'><strong>litero</strong></span> <span class='ocrx_word' id='word_1_285' title='bbox 828 3496 950 3568; x_wconf 80' lang='lat' dir='ltr'><strong>bottulo.)</strong></span> <span class='ocrx_word' id='word_1_286' title='bbox 994 3495 1023 3552; x_wconf 88' lang='lat' dir='ltr'><strong>Si</strong></span> <span class='ocrx_word' id='word_1_287' title='bbox 1053 3495 1116 3568; x_wconf 90' lang='lat' dir='ltr'><strong>quis</strong></span> <span class='ocrx_word' id='word_1_288' title='bbox 1136 3494 1281 3554; x_wconf 88' lang='lat' dir='ltr'><strong>hominem</strong></span> <span class='ocrx_word' id='word_1_289' title='bbox 1308 3496 1429 3555; x_wconf 86' lang='lat' dir='ltr'><strong>liberum</strong></span> <span class='ocrx_word' id='word_1_290' title='bbox 1456 3464 1473 3534; x_wconf 51' lang='lat' dir='ltr'>b</span> 
     </span>
     <span class='ocr_line' id='line_1_32' title="bbox 366 3592 1454 3668; baseline 0.001 -18"><span class='ocrx_word' id='word_1_291' title='bbox 366 3592 512 3651; x_wconf 89' lang='lat' dir='ltr'><strong>insidiatus</strong></span> <span class='ocrx_word' id='word_1_292' title='bbox 535 3594 617 3651; x_wconf 86' lang='lat' dir='ltr'><strong>luerit</strong></span> <span class='ocrx_word' id='word_1_293' title='bbox 636 3611 700 3650; x_wconf 88' lang='lat' dir='ltr'><strong>cum</strong></span> <span class='ocrx_word' id='word_1_294' title='bbox 722 3595 849 3662; x_wconf 88' lang='lat' dir='ltr'><strong>virtutem</strong></span> <span class='ocrx_word' id='word_1_295' title='bbox 871 3602 917 3651; x_wconf 91' lang='lat' dir='ltr'><strong>aut</strong></span> <span class='ocrx_word' id='word_1_296' title='bbox 937 3595 1084 3664; x_wconf 86' lang='lat' dir='ltr'><strong>solatium,</strong></span> <span class='ocrx_word' id='word_1_297' title='bbox 1107 3595 1212 3651; x_wconf 88' lang='lat' dir='ltr'><strong>vedeus</strong></span> <span class='ocrx_word' id='word_1_298' title='bbox 1232 3609 1296 3651; x_wconf 90' lang='lat' dir='ltr'><strong>eum</strong></span> <span class='ocrx_word' id='word_1_299' title='bbox 1317 3595 1454 3668; x_wconf 77' lang='lat' dir='ltr'><strong>inpare-v</strong></span> 
     </span>
     <span class='ocr_line' id='line_1_33' title="bbox 368 3691 1429 3765; baseline 0.001 -18"><span class='ocrx_word' id='word_1_300' title='bbox 368 3699 426 3748; x_wconf 91' lang='lat' dir='ltr'><strong>tum</strong></span> <span class='ocrx_word' id='word_1_301' title='bbox 452 3691 622 3765; x_wconf 88' lang='lat' dir='ltr'><strong>sempliciter</strong></span> <span class='ocrx_word' id='word_1_302' title='bbox 641 3693 831 3750; x_wconf 84' lang='lat' dir='ltr'><strong>ambulantem</strong></span> <span class='ocrx_word' id='word_1_303' title='bbox 860 3701 906 3749; x_wconf 88' lang='lat' dir='ltr'><strong>aut</strong></span> <span class='ocrx_word' id='word_1_304' title='bbox 934 3699 1052 3748; x_wconf 88' lang='lat' dir='ltr'><strong>stantem</strong></span> <span class='ocrx_word' id='word_1_305' title='bbox 1073 3692 1165 3749; x_wconf 88' lang='lat' dir='ltr'><strong>subito</strong></span> <span class='ocrx_word' id='word_1_306' title='bbox 1192 3707 1276 3764; x_wconf 87' lang='lat' dir='ltr'><strong>super</strong></span> <span class='ocrx_word' id='word_1_307' title='bbox 1296 3707 1359 3748; x_wconf 88' lang='lat' dir='ltr'><strong>eum</strong></span> <span class='ocrx_word' id='word_1_308' title='bbox 1380 3693 1429 3749; x_wconf 88' lang='lat' dir='ltr'><strong>ad-</strong></span> 
     </span>
     <span class='ocr_line' id='line_1_34' title="bbox 368 3757 1502 3863; baseline 0 -17"><span class='ocrx_word' id='word_1_309' title='bbox 368 3789 493 3859; x_wconf 88' lang='lat' dir='ltr'><strong>veniens,</strong></span> <span class='ocrx_word' id='word_1_310' title='bbox 517 3797 545 3846; x_wconf 86' lang='lat' dir='ltr'><strong>et</strong></span> <span class='ocrx_word' id='word_1_311' title='bbox 566 3790 682 3862; x_wconf 86' lang='lat' dir='ltr'><strong>turpiter</strong></span> <span class='ocrx_word' id='word_1_312' title='bbox 702 3807 766 3846; x_wconf 80' lang='lat' dir='ltr'><strong>eram</strong></span> <span class='ocrx_word' id='word_1_313' title='bbox 785 3792 905 3848; x_wconf 86' lang='lat' dir='ltr'><strong>tenuerit</strong></span> <span class='ocrx_word' id='word_1_314' title='bbox 926 3799 953 3847; x_wconf 94' lang='lat' dir='ltr'><strong>et</strong></span> <span class='ocrx_word' id='word_1_315' title='bbox 968 3791 1116 3848; x_wconf 86' lang='lat' dir='ltr'><strong>battederit</strong></span> <span class='ocrx_word' id='word_1_316' title='bbox 1131 3791 1191 3847; x_wconf 88' lang='lat' dir='ltr'><strong>sine</strong></span> <span class='ocrx_word' id='word_1_317' title='bbox 1202 3787 1327 3863; x_wconf 85' lang='lat' dir='ltr'><strong>jussione</strong></span> <span class='ocrx_word' id='word_1_318' title='bbox 1341 3789 1426 3861; x_wconf 90' lang='lat' dir='ltr'><strong>regis,</strong></span> <span class='ocrx_word' id='word_1_319' title='bbox 1448 3757 1469 3815; x_wconf 52' lang='lat' dir='ltr'>b</span> <span class='ocrx_word' id='word_1_320' title='bbox 1496 3804 1502 3808; x_wconf 83' lang='lat'>·</span> 
     </span>
     <span class='ocr_line' id='line_1_35' title="bbox 369 3887 1427 3961; baseline -0.001 -16"><span class='ocrx_word' id='word_1_321' title='bbox 369 3888 546 3945; x_wconf 87' lang='lat' dir='ltr'><strong>medictatem</strong></span> <span class='ocrx_word' id='word_1_322' title='bbox 568 3887 648 3960; x_wconf 90' lang='lat' dir='ltr'><strong>pretii</strong></span> <span class='ocrx_word' id='word_1_323' title='bbox 681 3889 766 3960; x_wconf 92' lang='lat' dir='ltr'><strong>ipsius</strong></span> <span class='ocrx_word' id='word_1_324' title='bbox 787 3906 819 3946; x_wconf 89' lang='lat' dir='ltr'><strong>ac</strong></span> <span class='ocrx_word' id='word_1_325' title='bbox 849 3890 871 3946; x_wconf 91' lang='lat' dir='ltr'><strong>si</strong></span> <span class='ocrx_word' id='word_1_326' title='bbox 900 3907 964 3945; x_wconf 88' lang='lat' dir='ltr'><strong>eum</strong></span> <span class='ocrx_word' id='word_1_327' title='bbox 993 3889 1128 3946; x_wconf 88' lang='lat' dir='ltr'><strong>occisissit</strong></span> <span class='ocrx_word' id='word_1_328' title='bbox 1155 3889 1180 3946; x_wconf 90' lang='lat' dir='ltr'><strong>ei</strong></span> <span class='ocrx_word' id='word_1_329' title='bbox 1202 3894 1362 3961; x_wconf 86' lang='lat' dir='ltr'><strong>conponat,</strong></span> <span class='ocrx_word' id='word_1_330' title='bbox 1392 3904 1427 3944; x_wconf 91' lang='lat' dir='ltr'><strong>eo</strong></span> 
     </span>
     <span class='ocr_line' id='line_1_36' title="bbox 368 3963 1454 4060; baseline -0.001 -18"><span class='ocrx_word' id='word_1_331' title='bbox 368 3986 444 4059; x_wconf 93' lang='lat' dir='ltr'><strong>quod</strong></span> <span class='ocrx_word' id='word_1_332' title='bbox 464 3987 495 4042; x_wconf 90' lang='lat' dir='ltr'><strong>in</strong></span> <span class='ocrx_word' id='word_1_333' title='bbox 516 3994 596 4059; x_wconf 88' lang='lat' dir='ltr'><strong>turpe</strong></span> <span class='ocrx_word' id='word_1_334' title='bbox 616 3994 644 4043; x_wconf 93' lang='lat' dir='ltr'><strong>et</strong></span> <span class='ocrx_word' id='word_1_335' title='bbox 664 3987 692 4042; x_wconf 93' lang='lat' dir='ltr'><strong>in</strong></span> <span class='ocrx_word' id='word_1_336' title='bbox 715 3987 896 4045; x_wconf 89' lang='lat' dir='ltr'><strong>derisiculum</strong></span> <span class='ocrx_word' id='word_1_337' title='bbox 916 3987 1002 4060; x_wconf 91' lang='lat' dir='ltr'><strong>ipsius</strong></span> <span class='ocrx_word' id='word_1_338' title='bbox 1023 4004 1087 4043; x_wconf 91' lang='lat' dir='ltr'><strong>cum</strong></span> <span class='ocrx_word' id='word_1_339' title='bbox 1108 3988 1180 4042; x_wconf 88' lang='lat' dir='ltr'><strong>male</strong></span> <span class='ocrx_word' id='word_1_340' title='bbox 1202 3987 1334 4045; x_wconf 70' lang='lat' dir='ltr'><strong>uacmvit.</strong></span> <span class='ocrx_word' id='word_1_341' title='bbox 1382 3987 1383 3990; x_wconf 73' lang='grc'>’</span> <span class='ocrx_word' id='word_1_342' title='bbox 1406 3963 1454 4021; x_wconf 55' lang='grc' dir='ltr'>Ἷ</span> 
     </span>
    </p>

    <p class='ocr_par' dir='ltr' id='par_1_10' title="bbox 367 4083 1429 4355">
     <span class='ocr_line' id='line_1_37' title="bbox 448 4083 1429 4158; baseline -0.001 -18"><span class='ocrx_word' id='word_1_343' title='bbox 448 4086 509 4141; x_wconf 66' lang='lat'><strong>42.</strong></span> <span class='ocrx_word' id='word_1_344' title='bbox 532 4083 583 4156; x_wconf 82' lang='lat' dir='ltr'><strong>(Dc</strong></span> <span class='ocrx_word' id='word_1_345' title='bbox 602 4085 709 4140; x_wconf 69' lang='lat' dir='ltr'><strong>laenam</strong></span> <span class='ocrx_word' id='word_1_346' title='bbox 735 4087 819 4142; x_wconf 80' lang='lat' dir='ltr'><strong>libero</strong></span> <span class='ocrx_word' id='word_1_347' title='bbox 840 4086 948 4158; x_wconf 76' lang='lat' dir='ltr'><strong>legato.)</strong></span> <span class='ocrx_word' id='word_1_348' title='bbox 992 4085 1023 4141; x_wconf 88' lang='lat' dir='ltr'><strong>Si</strong></span> <span class='ocrx_word' id='word_1_349' title='bbox 1050 4085 1113 4157; x_wconf 86' lang='lat' dir='ltr'><strong>quis</strong></span> <span class='ocrx_word' id='word_1_350' title='bbox 1137 4084 1281 4141; x_wconf 87' lang='lat' dir='ltr'><strong>hominem</strong></span> <span class='ocrx_word' id='word_1_351' title='bbox 1309 4083 1429 4140; x_wconf 86' lang='lat' dir='ltr'><strong>liberum</strong></span> 
     </span>
     <span class='ocr_line' id='line_1_38' title="bbox 368 4180 1429 4256; baseline 0 -16"><span class='ocrx_word' id='word_1_352' title='bbox 368 4181 501 4254; x_wconf 87' lang='lat' dir='ltr'><strong>legaverit</strong></span> <span class='ocrx_word' id='word_1_353' title='bbox 527 4183 632 4256; x_wconf 85' lang='lat' dir='ltr'><strong>absque</strong></span> <span class='ocrx_word' id='word_1_354' title='bbox 650 4183 804 4256; x_wconf 86' lang='lat' dir='ltr'><strong>jussionem</strong></span> <span class='ocrx_word' id='word_1_355' title='bbox 826 4185 898 4256; x_wconf 88' lang='lat' dir='ltr'><strong>regis</strong></span> <span class='ocrx_word' id='word_1_356' title='bbox 919 4186 980 4241; x_wconf 84' lang='lat' dir='ltr'><strong>sine</strong></span> <span class='ocrx_word' id='word_1_357' title='bbox 1002 4200 1103 4254; x_wconf 82' lang='lat' dir='ltr'><strong>causa,</strong></span> <span class='ocrx_word' id='word_1_358' title='bbox 1136 4183 1205 4240; x_wconf 85' lang='lat' dir='ltr'><strong>duas</strong></span> <span class='ocrx_word' id='word_1_359' title='bbox 1232 4183 1318 4256; x_wconf 87' lang='lat' dir='ltr'><strong>partis</strong></span> <span class='ocrx_word' id='word_1_360' title='bbox 1345 4180 1429 4255; x_wconf 86' lang='lat' dir='ltr'><strong>pretii</strong></span> 
     </span>
     <span class='ocr_line' id='line_1_39' title="bbox 367 4281 1116 4355; baseline 0.005 -17"><span class='ocrx_word' id='word_1_361' title='bbox 367 4281 455 4355; x_wconf 90' lang='lat' dir='ltr'><strong>ipsius</strong></span> <span class='ocrx_word' id='word_1_362' title='bbox 476 4288 616 4354; x_wconf 87' lang='lat' dir='ltr'><strong>tamquam</strong></span> <span class='ocrx_word' id='word_1_363' title='bbox 636 4281 659 4338; x_wconf 90' lang='lat' dir='ltr'><strong>si</strong></span> <span class='ocrx_word' id='word_1_364' title='bbox 680 4299 744 4338; x_wconf 91' lang='lat' dir='ltr'><strong>eum</strong></span> <span class='ocrx_word' id='word_1_365' title='bbox 766 4282 901 4339; x_wconf 89' lang='lat' dir='ltr'><strong>occisissit</strong></span> <span class='ocrx_word' id='word_1_366' title='bbox 920 4283 945 4339; x_wconf 88' lang='lat' dir='ltr'><strong>ei</strong></span> <span class='ocrx_word' id='word_1_367' title='bbox 966 4288 1116 4355; x_wconf 81' lang='lat' dir='ltr'><strong>conponat</strong></span> 
     </span>
    </p>

    <p class='ocr_par' dir='ltr' id='par_1_11' title="bbox 367 4359 1516 4552">
     <span class='ocr_line' id='line_1_40' title="bbox 449 4359 1484 4452; baseline -0.002 -16"><span class='ocrx_word' id='word_1_368' title='bbox 449 4381 511 4438; x_wconf 75' lang='lat'><strong>48·</strong></span> <span class='ocrx_word' id='word_1_369' title='bbox 534 4379 586 4452; x_wconf 85' lang='lat' dir='ltr'><strong>(De</strong></span> <span class='ocrx_word' id='word_1_370' title='bbox 602 4381 686 4450; x_wconf 76' lang='lat' dir='ltr'><strong>serite</strong></span> <span class='ocrx_word' id='word_1_371' title='bbox 707 4387 754 4436; x_wconf 79' lang='lat' dir='ltr'><strong>ort</strong></span> <span class='ocrx_word' id='word_1_372' title='bbox 771 4397 933 4452; x_wconf 80' lang='lat' dir='ltr'><strong>percurrere</strong></span> <span class='ocrx_word' id='word_1_373' title='bbox 952 4382 1070 4436; x_wconf 70' lang='lat' dir='ltr'><strong>Mmcats</strong></span> <span class='ocrx_word' id='word_1_374' title='bbox 1090 4379 1187 4452; x_wconf 79' lang='lat' dir='ltr'><strong>litari.)</strong></span> <span class='ocrx_word' id='word_1_375' title='bbox 1238 4379 1268 4436; x_wconf 89' lang='lat' dir='ltr'><strong>Si</strong></span> <span class='ocrx_word' id='word_1_376' title='bbox 1295 4378 1357 4452; x_wconf 91' lang='lat' dir='ltr'><strong>quis</strong></span> <span class='ocrx_word' id='word_1_377' title='bbox 1377 4379 1429 4435; x_wconf 91' lang='lat' dir='ltr'><strong>ho·</strong></span> <span class='ocrx_word' id='word_1_378' title='bbox 1465 4359 1484 4423; x_wconf 66' lang='grc' dir='ltr'>ἶ</span> 
     </span>
     <span class='ocr_line' id='line_1_41' title="bbox 367 4445 1516 4552; baseline 0.001 -19"><span class='ocrx_word' id='word_1_379' title='bbox 367 4476 472 4534; x_wconf 88' lang='lat' dir='ltr'><strong>minem</strong></span> <span class='ocrx_word' id='word_1_380' title='bbox 491 4477 611 4535; x_wconf 86' lang='lat' dir='ltr'><strong>liberum</strong></span> <span class='ocrx_word' id='word_1_381' title='bbox 630 4478 723 4536; x_wconf 86' lang='lat' dir='ltr'><strong>subito</strong></span> <span class='ocrx_word' id='word_1_382' title='bbox 742 4485 872 4550; x_wconf 87' lang='lat' dir='ltr'><strong>surgente</strong></span> <span class='ocrx_word' id='word_1_383' title='bbox 892 4495 959 4545; x_wconf 74' lang='lat' dir='ltr'><strong>pexa</strong></span> <span class='ocrx_word' id='word_1_384' title='bbox 979 4478 1165 4552; x_wconf 86' lang='lat' dir='ltr'><strong>percusserit,</strong></span> <span class='ocrx_word' id='word_1_385' title='bbox 1194 4483 1223 4536; x_wconf 90' lang='lat' dir='ltr'><strong>et</strong></span> <span class='ocrx_word' id='word_1_386' title='bbox 1241 4477 1360 4535; x_wconf 80' lang='lat' dir='ltr'><strong>libonem</strong></span> <span class='ocrx_word' id='word_1_387' title='bbox 1381 4483 1429 4535; x_wconf 82' lang='lat' dir='ltr'><strong>aut</strong></span> <span class='ocrx_word' id='word_1_388' title='bbox 1449 4445 1516 4518; x_wconf 55' lang='lat' dir='ltr'><strong>st</strong></span> 
     </span>
    </p>
   </div>
   <div class='ocr_carea' id='block_1_3' title="bbox 0 0 1601 5228">
    <p class='ocr_par' dir='ltr' id='par_1_12' title="bbox 0 0 1601 5228">
     <span class='ocr_line' id='line_1_42' title="bbox 0 0 1601 5228; baseline 0 0"><span class='ocrx_word' id='word_1_389' title='bbox 0 0 1601 5228; x_wconf 95' lang='lat' dir='ltr'><strong> </strong></span> 
     </span>
    </p>
   </div>
  </div>
 </body>
</html>
