3172 5228
365 514 385 574 c
762 529 918 576 romara
941 512 1031 576 'rums

434 683 469 733 m
486 683 533 732 troc
545 681 694 746 paenaliter
711 681 805 729 Manca
821 681 851 728 lo
862 679 1006 739 mundatio,
1026 679 1163 742 acutique
1179 678 1254 742 pout
1270 689 1316 740 per·
1330 677 1425 726 utrium

363 772 519 834 scriptorum
546 773 574 820 tn
597 771 643 819 troc
660 769 780 820 Edictum
799 768 952 827 odidaatur,
979 769 1003 816 al
1021 768 1112 830 atiquo
1129 766 1333 829 tomolatense
1351 765 1425 814 nudo

364 861 420 910 ullo
447 860 606 922 exemplario
633 859 754 907 credatur
772 863 819 907 oct
836 857 1010 919 vmoiplotur.
1041 857 1093 904 nisi
1110 855 1179 919 quod
1195 869 1242 918 per
1259 867 1354 904 monuo
1372 854 1425 905 An-
1507 889 1518 902 .

363 951 438 1000 could
454 950 560 998 notorio
577 953 666 996 novtro
692 947 816 1009 scriptum
840 951 888 996 oct
912 947 1069 1009 recoquitum
1096 957 1140 994 asu
1163 944 1314 1008 requisitum
1338 943 1425 1006 tm.

362 1040 407 1102 qast
423 1051 470 1101 por
486 1043 604 1086 noctram
616 1035 761 1098 jussionem
778 1038 896 1099 scripsit,

1517 1349 1560 1379 ὼ

444 1358 512 1430 Cap.
536 1359 569 1413 1.
612 1355 641 1412 Si
661 1353 724 1428 quis
744 1355 888 1412 hominum
909 1361 1005 1410 contra
1028 1353 1149 1412 animam
1169 1355 1244 1427 regis
1265 1355 1426 1426 cogitaverit
1449 1375 1469 1407 ι

353 1461 410 1514 aut
430 1453 635 1524 consiliaverit,
664 1452 756 1509 anime
783 1470 848 1510 suae
876 1453 1000 1510 incurrat
1030 1452 1204 1526 periculum,
1237 1461 1265 1510 ct
1290 1469 1334 1509 res
1365 1453 1424 1525 ejus
1444 1471 1475 1498 υ

363 1553 535 1610 infiscentur.
1468 1536 1475 1547 ²

443 1653 479 1706 θ.
522 1649 550 1704 Si
582 1649 644 1721 quis
673 1665 736 1705 oum
764 1665 831 1719 rege
852 1649 886 1705 de
908 1655 996 1705 morte
1018 1648 1131 1705 alterius
1152 1647 1354 1712 consiliaverit,
1377 1655 1425 1706 aut

363 1747 507 1804 hominem
533 1763 583 1818 per
603 1745 689 1818 ipsius
707 1725 862 1817 jussionem
883 1746 1029 1814 occiserit,
1056 1746 1085 1802 in
1109 1747 1185 1803 nullo
1206 1746 1241 1802 sit
1261 1744 1422 1818 culparetis,
1445 1767 1465 1790 ι

366 1861 418 1901 nec
447 1844 494 1900 ille
514 1859 567 1900 nec
588 1843 699 1898 heredis
725 1843 783 1915 ejus
809 1853 924 1917 quoquo
951 1851 1078 1915 tempore
1106 1843 1141 1900 ab
1165 1843 1215 1900 illo
1241 1850 1288 1900 aut
1314 1843 1424 1899 heredis

363 1941 450 2014 ipsius
466 1941 676 2015 requisitionem
694 1947 740 1996 aut
754 1942 894 1997 molestias
915 1941 1050 2014 [satiatura
1073 1942 1149 2016 quia,
1172 1949 1319 2016 postquam
1339 1941 1424 1998 corda
1444 1927 1482 1964 ἢ

363 2057 459 2112 regum
481 2040 509 2096 io
531 2057 644 2096 manum
655 2039 707 2097 Dei
729 2055 788 2096 esse
804 2039 952 2105 credimus,
976 2047 1089 2096 nonest
1107 2043 1273 2112 possevilcm
1293 2046 1324 2096 ut
1338 2039 1423 2096 homo
1450 2045 1477 2113 γ’

362 2137 450 2211 possit
470 2137 602 2194 adunione
624 2155 707 2212 quom
729 2155 777 2194 rex
798 2137 926 2194 occidero
944 2137 1064 2210 jusserit,
1438 2131 1473 2158 ω

443 2238 480 2294 8.
523 2235 636 2309 Siquis
667 2237 734 2292 ioris
764 2236 907 2308 provincia
935 2236 1023 2308 fugire
1054 2235 1245 2308 temptaverit,
1276 2235 1360 2293 morti
1380 2235 1425 2292 in·
1453 2212 1479 2287 i*

362 2340 454 2391 currat
475 2333 639 2406 periculum,
662 2341 690 2390 et
710 2350 755 2390 res
775 2334 833 2408 ejus
853 2334 1025 2392 infiscentur.

441 2433 479 2488 4.
522 2432 550 2487 Si
581 2431 643 2504 quis
671 2430 801 2488 inimicus
829 2433 901 2487 intra
923 2431 1065 2504 provincia
1087 2430 1244 2487 invitaverit
1270 2437 1316 2486 aut
1336 2431 1424 2487 intro-

363 2530 486 2599 duxerit,
515 2529 607 2586 anime
629 2544 694 2586 suae
716 2527 839 2586 incurrat
860 2529 1032 2602 periculum,
1055 2535 1083 2585 et
1104 2545 1148 2585 res
1169 2529 1228 2601 ejus
1248 2529 1421 2585 infiscentur.

442 2625 480 2682 n.
523 2625 553 2680 Si
575 2626 637 2699 quis
658 2641 794 2682 scamaras
816 2627 888 2683 intra
911 2627 1053 2699 provincia
1075 2627 1207 2684 celaverit
1235 2634 1282 2683 aut
1302 2642 1446 2685 anonams
1463 2657 1480 2690 c
1496 2663 1522 2684 a„

364 2722 485 2793 dederit,
509 2723 602 2780 anime
623 2740 689 2780 suae
719 2724 844 2782 incurrat
864 2725 1034 2798 periculum,
1070 2733 1117 2782 aut
1137 2732 1280 2798 conponat
1299 2724 1358 2796 regi
1379 2741 1425 2780 so·

363 2820 435 2877 lidus
457 2820 614 2880 nonientos.
1584 2853 1585 2912 l

443 2920 482 2978 6.
524 2919 553 2974 Si
581 2919 642 2992 quis
669 2920 735 2977 loris
761 2919 790 2977 iu
812 2920 965 2978 exercitum
985 2921 1151 2980 seditionem
1172 2919 1308 2976 levaverit
1328 2925 1423 2976 contra
1448 2907 1483 2989 [ῃ
1584 2937 1585 2952 ¹

366 3015 466 3072 ducem
487 3033 566 3072 suum
589 3023 635 3074 aut
651 3023 746 3075 contra
769 3035 832 3075 eum
854 3019 903 3093 qui
918 3020 1062 3076 ordinatus
1080 3017 1162 3075 luerit
1183 3032 1273 3088 arege
1295 3017 1329 3072 ad
1345 3033 1424 3073 exer-

364 3112 449 3171 citum
471 3113 658 3184 gubernandi,
680 3115 871 3190 autaliquem
892 3125 998 3190 partem
1013 3115 1165 3173 exercitum
1185 3111 1336 3185 seduxerit,
1360 3129 1457 3170 sau-s
1479 3123 1500 3164 α.

362 3210 455 3281 guinis
476 3211 518 3267 sui
539 3211 661 3268 incurrat
682 3213 845 3285 periculum.
1583 3283 1584 3296 χ

443 3307 476 3364 t.
519 3308 549 3364 Si
579 3308 642 3382 quis
670 3317 766 3368 contra
802 3311 932 3370 inimicus
962 3312 1145 3386 pugnandum
1178 3312 1315 3384 collegam
1342 3326 1423 3367 suum
1508 3365 1527 3399 N

364 3403 517 3475 dimiserit,
540 3414 587 3463 aut
607 3408 726 3468 ansttlin
748 3409 862 3479 iecerit,
893 3407 921 3466 id
952 3418 993 3466 est
1019 3410 1042 3466 si
1064 3427 1127 3468 eum
1149 3411 1285 3483 diceperit
1311 3417 1423 3466 etcum
1448 3403 1479 3488 *f
1510 3405 1519 3428 ⁶

364 3519 427 3558 eum
449 3520 507 3559 non
528 3505 705 3576 laboraverit,
728 3507 820 3562 anime
841 3524 906 3563 suae
924 3508 1048 3564 incurrat
1068 3509 1232 3582 periculum.

443 3601 479 3659 8.
521 3602 550 3657 Si
579 3603 641 3674 quis
662 3603 692 3661 in
713 3603 862 3661 consilium
884 3608 925 3663 vel
955 3605 984 3662 in
1006 3605 1134 3680 quolebit
1153 3611 1322 3662 conventum
1343 3621 1423 3662 scan-
1448 3611 1498 3655 ι’

363 3697 457 3754 dolum
478 3699 629 3766 comiserit,
654 3701 805 3758 nonientos
826 3703 931 3760 solidus
953 3705 987 3760 sit
1008 3703 1158 3777 culpavelis
1177 3703 1246 3774 regi.

442 3798 480 3854 9.
523 3797 552 3854 Si
574 3799 636 3871 quis
658 3801 889 3872 qualemcumque
911 3803 1054 3860 hominem
1083 3803 1118 3860 ad
1138 3817 1233 3873 regem
1255 3800 1423 3858 incusaverit

363 3897 438 3970 quod
459 3898 551 3954 anime
573 3906 718 3970 perteneat
739 3899 912 3972 periculum,
940 3901 1022 3958 leoiat
1051 3901 1078 3959 ei
1099 3900 1146 3974 qui
1174 3906 1318 3957 accusatus
1339 3898 1423 3955 luerit
1446 3873 1504 3967 γ(

363 4011 425 4050 cum
446 3995 690 4054 sacramentalibus
710 3997 867 4054 satisfacere
889 4005 965 4056 etse
986 4000 1130 4058 aduniare.
1167 3997 1248 4054 Etsi
1269 3998 1336 4054 tales
1357 4013 1422 4054 cau·
1444 4005 1468 4043 ὰ
1484 4011 1506 4042 o

362 4108 420 4147 sam
441 4094 584 4150 emerserit
603 4102 634 4150 ut
654 4095 732 4152 adest
752 4096 837 4152 homo
858 4095 886 4151 in
910 4096 1048 4168 presentia
1069 4095 1117 4170 qui
1138 4097 1244 4153 crimen
1265 4095 1365 4164 mittat,
1387 4095 1422 4150 li·
1439 4098 1473 4136 ὲ

363 4196 424 4246 ceat
445 4189 470 4246 ei
492 4207 543 4263 per
563 4193 775 4266 camphionem‚
799 4195 828 4250 id
850 4202 891 4251 est
912 4211 961 4267 per
982 4209 1120 4267 pugnam,
1145 4194 1250 4250 crimen
1272 4193 1364 4265 ipsum
1385 4193 1420 4248 de
1451 4207 1472 4228 ι
1581 4261 1582 4274 ἦ

364 4303 515 4360 superse,
539 4289 562 4345 si
582 4291 719 4363 potuerit,
743 4291 851 4359 eicere3
881 4301 907 4348 et
928 4293 950 4350 si
971 4291 996 4348 ci
1019 4298 1162 4364 provatum
1183 4291 1283 4362 luerit,
1307 4297 1354 4346 aut
1373 4290 1421 4352 det
1452 4280 1476 4338 'f

313 4369 319 4384 ’
363 4385 502 4455 animam,
536 4393 584 4444 aut
613 4388 732 4462 qualiter
759 4389 818 4460 regi
847 4389 981 4463 placuerit
1001 4396 1153 4461 conponat.
1196 4391 1233 4446 Et
1258 4388 1282 4446 si
1303 4404 1420 4462 provere
1454 4375 1476 4434 ἵ

365 4499 422 4539 non
444 4485 583 4558 potuerit,
607 4494 634 4543 et
654 4487 834 4560 cognoscitur
856 4489 971 4544 dolosae
991 4488 1157 4560 accusassit,
1186 4495 1253 4547 tuno
1282 4487 1341 4561 ipse
1370 4485 1420 4559 qui
