3208 5222
508 503 646 552 aaroruar
669 499 894 553 canate-aa
1181 483 1223 548 dd

164 655 291 715 mulieris
312 655 431 713 faciendi
452 655 530 729 qaod
549 655 675 715 voluerit
716 655 753 714 Et
772 656 796 715 si
816 661 945 732 parentes
969 655 1027 730 ejus
1055 652 1109 710 hoo
1133 651 1225 711 iacere

167 754 317 822 distulerit,
340 760 406 809 tunc
427 754 516 811 laceat
530 754 681 826 gastaldius
698 755 772 827 regis
784 763 832 813 aut
848 751 986 814 sculdahis
1003 754 1092 826 ipsam
1105 751 1135 810 iu
1149 757 1225 811 curte

167 853 243 926 regis
263 853 375 918 ducere.
400 859 428 908 et
447 853 476 909 iu
498 852 584 925 pisele
604 853 678 910 iuter
697 852 811 913 ancilias
831 860 959 914 statuere.

249 952 335 1009 m.
358 949 414 1023 (Dc
441 951 541 1007 amitto
566 947 737 1009 matrimonii
760 951 905 1026 amma.)
946 949 977 1010 Si
1009 948 1072 1024 quis
1096 948 1226 1008 ancillam

161 1063 247 1106 suam
265 1047 406 1121 propriam
422 1047 630 1107 matrimoniare
645 1045 763 1106 voluerit
783 1049 819 1108 ad
833 1041 958 1121 uxorem,
975 1049 1015 1106 ‘sit
1028 1047 1053 1105 ei
1066 1046 1225 1114 licentiam

168 1153 262 1202 tameo
275 1146 381 1208 doceat
401 1161 463 1204 cam
482 1145 569 1203 libera
581 1139 731 1217 'thiuga'rm
754 1147 793 1206 sic
808 1147 901 1211 'libata
923 1146 998 1221 quod
1019 1151 1061 1203 est
1074 1143 1224 1216 witriuora,

167 1251 198 1300 et
218 1244 376 1316 legetimam
396 1241 487 1300 iacere
509 1259 559 1317 per
579 1243 744 1315 gaircthiox.
776 1245 855 1302 Tunc
872 1245 1051 1317 intellegatur
1072 1244 1179 1314 libera,
1200 1247 1228 1300 et

167 1341 328 1413 legetimam
349 1357 480 1407 oaorcm3
501 1347 530 1398 et
549 1341 601 1400 filii
621 1343 669 1415 qui
689 1358 724 1426 ex
745 1357 778 1400 ea
798 1341 855 1400 nati
876 1341 986 1400 tuerent
1004 1340 1127 1414 legetimi
1147 1340 1228 1398 here·

169 1439 214 1497 dis
235 1440 307 1513 patri
329 1438 493 1498 efficiantur.
1077 1459 1081 1464 ·
1187 1453 1189 1458 ·

249 1541 337 1598 m.
359 1537 414 1610 (Dc
434 1555 465 1593 eo
483 1539 532 1608 ¹qui
551 1540 610 1596 ειεεε
629 1538 734 1594 deradit
751 1526 893 1612 mica.)
934 1537 964 1594 Si
983 1537 1046 1611 quia
1067 1537 1128 1595 siue
1148 1537 1227 1596 irere-

164 1635 212 1692 tlis
233 1642 357 1692 mortuus
378 1634 460 1692 luerit
480 1641 507 1690 et
527 1650 571 1691 res
591 1634 679 1708 ipsim
699 1634 735 1690 ad
755 1635 840 1691 curtis
870 1633 943 1706 regis
972 1633 1146 1708 pervenerit,
1174 1651 1227 1692 uec
1326 1713 1330 1724 ι

168 1733 274 1790 donato
294 1749 347 1799 neo
367 1733 491 1806 prestito,
515 1732 683 1805 quicumque
704 1731 791 1804 ipsius
812 1733 913 1790 mortui
935 1733 1012 1800 dedit
1036 1741 1083 1791 aut
1102 1732 1229 1807 prestetit

170 1847 228 1887 nou
250 1831 352 1888 habeat
372 1831 552 1904 ponteficium
574 1829 755 1904 requirendis
788 1831 853 1906 quia
881 1839 1028 1905 postquam
1057 1832 1092 1890 ad
1112 1847 1226 1890 manum

168 1927 243 1999 regis
264 1929 407 2002 persenit,
439 1928 589 1986 terminum
617 1928 726 2003 posuit,
763 1935 791 1986 et
810 1929 870 1987 aine
892 1929 1013 1988 devitum
1039 1929 1227 2002 autaliquem

168 2026 363 2100 repetitionem
384 2026 493 2086 cecidit.
769 2029 770 2034 ’

250 2126 337 2182 m.
360 2123 411 2192 (De
426 2125 703 2197 mononiesicaiboe.)
724 2124 756 2200 S.
773 2125 798 2184 t.
819 2125 852 2183 Si
869 2125 931 2200 quis
946 2142 1053 2183 servum
1065 2140 1146 2183 suum
1162 2138 1228 2200 pro·

170 2222 263 2295 prium
283 2228 338 2279 aut⁴
350 2221 479 2278 ancillam
500 2237 577 2277 suam
605 2221 709 2278 liberos
737 2221 875 2280 dimittere
894 2223 1032 2295 uoluerit,
1059 2222 1094 2280 sit
1114 2221 1227 2282 licentia

170 2321 290 2394 qualiter
309 2319 334 2376 ei
357 2320 499 2392 placuerit.
521 2317 589 2376 Nam
611 2318 658 2391 qui
679 2317 793 2377 iulireae
807 2327 841 2378 ct
860 2339 876 2378 a
897 2337 926 2378 se
941 2327 1113 2392 extraneum,
1135 2319 1227 2379 idest

170 2419 284 2489 amand,
308 2417 397 2476 iacere
418 2417 545 2488 volucrit,
568 2417 608 2474 sic
629 2417 702 2474 devit
722 2415 821 2478 iacere.
848 2419 950 2477 Tradat
970 2435 1035 2476 eum
1055 2420 1174 2492 primum
1195 2418 1225 2476 iu

169 2533 283 2574 manum
304 2515 383 2573 alteri
404 2514 533 2571 homenis
554 2514 646 2583 liberi,
670 2521 699 2574 et
718 2531 768 2588 pcr
781 2515 937 2587 gairethinx
956 2516 1048 2590 ipsum
1068 2515 1224 2583 confirmitt

172 2620 199 2670 et
224 2615 272 2672 ille
297 2613 434 2670 sccundus
466 2612 555 2670 medat
583 2612 744 2671 intertium
772 2613 801 2670 iu
823 2613 923 2673 eodem
942 2614 1048 2681 modo;
1082 2620 1110 2672 et
1130 2613 1225 2672 tertius

171 2711 308 2770 tradatis
330 2716 478 2786 quartumt
511 2716 539 2768 et
562 2702 622 2785 ipse
648 2719 762 2786 quartus
790 2711 955 2770 ducatuum
977 2713 1006 2769 in
1028 2712 1225 2787 quadrubium,

170 2816 198 2868 et
217 2809 327 2882 thingat
346 2810 375 2867 in
396 2809 478 2882 paida
499 2816 527 2866 et
547 2809 627 2881 gieil,
651 2817 679 2867 at
699 2809 739 2867 sio
760 2809 851 2868 dicat:
878 2811 920 2867 Da
939 2817 1067 2882 quattuor
1085 2813 1157 2877 cios,
1179 2811 1227 2868 tabi

169 2909 286 2968 uolueris
305 2909 450 2978 ambolare,
472 2909 586 2964 literam
605 2909 705 2966 doleas
721 2915 887 2980 potestaten.
912 2907 941 2965 si
957 2907 997 2965 sic
1014 2908 1115 2966 iactum
1132 2907 1225 2979 luerit,

171 3012 236 3064 tunc
256 3006 310 3064 erit
329 3005 450 3070 emund,
480 3012 508 3062 et
534 3005 559 3063 ei
580 3006 668 3063 mauit
688 3011 763 3063 certa
783 3005 914 3063 libertas:
941 3011 1038 3078 postea
1059 3007 1163 3064 nullam
1183 3021 1228 3063 re·

171 3104 335 3179 petitionem
356 3109 488 3177 patronus
510 3103 639 3162 adversus
659 3103 751 3177 ipsum
771 3110 818 3160 aut
837 3103 911 3160 filius
937 3103 995 3176 ejus
1015 3103 1115 3162 habeat
1134 3109 1229 3178 potes·

171 3195 254 3260 tatem
274 3202 458 3276 requirendi;
490 3208 518 3260 et
536 3201 559 3260 si
580 3201 641 3260 sine
662 3201 779 3260 heredes
800 3201 946 3273 legetimus
973 3202 1032 3276 ipse
1054 3202 1102 3276 qui
1122 3201 1227 3262 amand
1348 3267 1352 3278 ¹

171 3301 258 3359 iactus
278 3307 319 3358 est
339 3309 463 3358 mortuos
483 3301 575 3368 tuerit,
598 3299 682 3360 corda
702 3299 778 3371 regia
798 3299 839 3358 illi
860 3300 992 3371 succidat,
1015 3315 1080 3358 uam
1100 3315 1157 3359 nou
1179 3316 1228 3376 pa·

170 3405 267 3456 tronus
288 3403 335 3456 aut
355 3399 466 3456 heredis
486 3399 607 3472 patroni.

252 3496 284 3572 s.
306 3495 333 3554 2.
355 3493 434 3570 (Item
454 3499 510 3554 olio
529 3493 672 3571 kapitulo.)
713 3493 847 3552 Similiter
867 3499 896 3551 at
915 3493 963 3568 qui
983 3493 1103 3569 iupaus,
1136 3493 1166 3552 id
1186 3498 1228 3551 eet

171 3593 201 3652 iu
221 3599 316 3650 votum
336 3595 427 3666 rems,
451 3593 615 3667 dimittitur,
637 3594 697 3668 ipsa
717 3593 780 3664 lege
800 3591 887 3664 vitat,
916 3591 987 3650 sicut
1007 3598 1035 3650 et
1055 3592 1103 3668 qui
1124 3590 1228 3650 amuud

171 3691 259 3750 iactus
279 3695 331 3750 est.
864 3713 869 3720 =

252 3790 282 3866 s.
304 3790 332 3850 3.
354 3787 432 3866 (Itan
452 3793 507 3849 ulio
526 3787 672 3865 kapitulo.)
703 3788 758 3858 Qut
779 3786 895 3845 iulireae
915 3784 1028 3859 iecerit,
1051 3792 1229 3861 etquattuor

172 3889 229 3950 rias
250 3889 276 3946 ei
296 3905 354 3946 nou
376 3887 499 3960 dederit,
522 3895 551 3947 et
571 3887 676 3946 emund
696 3905 712 3947 a
733 3905 781 3958 se,
803 3886 833 3944 id
854 3891 895 3944 est
914 3892 1087 3957 extraneum,
1110 3901 1167 3942 uon
1188 3885 1229 3954 ie·

173 3987 252 4059 cerii,
274 3990 359 4046 talem
379 3989 471 4059 legem
489 3995 623 4062 patronus
639 4003 702 4044 cum
723 3985 814 4060 ipsum
827 3984 938 4054 habeat,
961 3991 1101 4057 tamquam
1121 3983 1145 4041 'ei
1165 3999 1228 4044 cum

172 4085 284 4143 nauem
305 4101 386 4144 suum
406 4091 453 4143 aut
473 4085 558 4144 alium
578 4091 723 4160 parentem
746 4099 827 4142 suum
851 4083 971 4141 liberum
994 4081 1226 4154 Langobardum:

172 4182 201 4240 id
222 4189 265 4241 cst
283 4183 306 4242 si
324 4183 397 4241 tilius
417 4191 463 4240 aot
482 4183 553 4242 filias
573 4183 717 4255 legetimas
737 4182 787 4256 qui
806 4179 920 4239 iulireae
943 4179 1029 4238 iacun
1051 4185 1093 4237 est
1108 4195 1166 4237 nou
1187 4177 1229 4238 di-

173 4278 288 4353 miserit,
311 4288 443 4355 patronus
464 4281 603 4351 succedat,
626 4281 696 4339 sicut
716 4277 964 4352 subterscriptum
984 4283 1034 4338 est

254 4365 284 4456 S.
306 4377 336 4437 4.
360 4378 437 4453 (Item
457 4379 512 4436 olio
531 4375 672 4454 lapisto.)
703 4378 773 4438 ltsm
793 4376 841 4453 qui
862 4375 967 4436 aldium
987 4374 1078 4434 iacere
1098 4371 1227 4445 voluerit,

174 4495 232 4536 uon
253 4477 294 4536 illi
315 4476 358 4534 dit
377 4482 508 4551 quattuor
528 4477 596 4535 rias.
