3172 5228
473 543 611 590 unierunt
634 545 700 592 ese.
718 540 752 586 ss
766 542 841 586 -ει,
1054 517 1057 522 ’
1160 527 1206 592 ’89

153 697 183 752 in
203 711 300 752 meuse
310 711 369 751 uno
378 694 468 768 ipsum
485 695 629 770 hominem
639 695 875 768 perquirendumr
897 704 926 752 et
940 697 967 754 sl
981 713 1044 754 eum
1058 697 1204 767 invenerit,

152 793 293 850 licentiam
315 791 415 850 halieat
435 792 526 865 ipsum
546 793 711 859 hominem,
741 793 865 868 quamvis
892 795 963 853 liber
991 795 1043 865 sit,
1073 803 1207 868 conprae-

153 891 342 960 ludendum,
364 897 394 946 et
413 891 578 946 tradendum
599 891 627 946 in
649 909 746 948 manus
768 891 842 950 illius
863 893 907 948 eui
929 893 1109 950 humicidium
1130 893 1221 972 lecit·

152 990 188 1045 Et
217 989 239 1044 si
271 989 324 1044 hoc
354 1005 412 1043 non
440 987 556 1057 lecerit,
583 974 649 1044 dare
678 989 774 1046 deveat
800 989 993 1048 mediaetatem
1014 992 1048 1048 de
1071 992 1207 1047 omnebus

152 1087 235 1142 rebus
256 1086 413 1150 movilibus,
437 1093 552 1158 excepto
575 1093 709 1154 tectores,
733 1105 801 1160 quus
823 1089 851 1144 iu
874 1089 933 1160 ipsa
954 1105 1016 1145 casa
1037 1088 1095 1162 ipse
1117 1089 1207 1144 humi·

152 1184 214 1241 cida
234 1183 345 1252 habuit;
377 1185 453 1256 quod
481 1184 503 1240 si
531 1201 583 1241 nee
612 1187 667 1241 hoc
696 1187 814 1243 voluerit
841 1187 930 1243 facere
957 1187 1016 1258 ipse
1037 1187 1113 1259 cujus
1135 1195 1206 1242 terra

151 1289 202 1352 εει,
226 1282 291 1338 dare
312 1283 410 1338 deveat
430 1267 565 1338 livellario
587 1282 702 1339 nomine
730 1283 789 1355 ipsa
815 1267 886 1340 terra
908 1285 934 1341 ci
959 1285 1002 1340 cui
1025 1283 1207 1340 homicidium

151 1379 334 1448 factumest,
367 1386 396 1435 ut
424 1379 522 1436 reddat
550 1381 575 1436 ei
597 1381 698 1438 exinde
725 1383 796 1438 sicut
823 1383 869 1438 ille
891 1381 1026 1440 reddebat
1047 1381 1094 1454 qui
1116 1383 1206 1455 ipsum

150 1477 333 1533 humicidium
354 1477 426 1536 lecit.
449 1478 555 1534 Tamen
576 1479 610 1536 de
632 1479 675 1534 his
696 1481 789 1536 trebus
810 1481 936 1553 capitulis
957 1483 986 1536 in
1008 1480 1081 1537 illius
1102 1479 1137 1535 sit
1157 1497 1207 1552 po·

151 1581 278 1631 testatem
300 1576 429 1646 elegendi
458 1575 536 1648 cujus
556 1583 628 1633 terra
649 1584 708 1646 est,
742 1585 772 1632 ut
801 1578 882 1636 iaciat
906 1577 1008 1634 'exinde
1036 1595 1119 1634 unam
1140 1577 1207 1650 qua·

149 1674 206 1730 lem
227 1673 359 1734 uoluerit.¹

230 1768 289 1845 (X.)
313 1772 377 1828 98.
399 1769 429 1824 Si
443 1769 504 1842 quis
519 1771 664 1828 mulierem
680 1778 727 1828 aut
744 1773 865 1846 puellam
884 1777 930 1828 aut
944 1771 1075 1842 religiosa
1090 1771 1205 1842 lomina,

150 1885 222 1942 quae
248 1868 276 1924 in
308 1867 419 1924 alterius
449 1868 594 1925 mundium
616 1876 666 1934 est,
690 1870 718 1926 in
749 1875 921 1926 sacramento
949 1870 1058 1926 mittere
1083 1863 1208 1942 presum-

149 1965 250 2040 pserit,
273 1968 418 2038 conponat
436 1967 588 2023 mundoald
609 1968 668 2039 ejus
689 1968 792 2024 solidos
814 1983 930 2024 numero
952 1984 979 2037 n,
1002 1974 1029 2023 ει
1055 1966 1084 2022 in
1104 1967 1208 2042 palutio

151 2082 268 2122 numero
290 2083 315 2123 n.
430 2058 432 2063 ’
554 2060 557 2074 '

230 2160 305 2236 (ul.)
327 2165 391 2220 ut.
418 2162 448 2219 Si
470 2138 532 2235 quis
552 2163 640 2220 iream
661 2163 780 2221 alienam
801 2163 861 2220 sine
882 2165 1051 2221 volontatem
1073 2155 1107 2219 de
1129 2180 1209 2220 mun·

152 2261 236 2317 doald
257 2261 315 2333 ejus
337 2277 447 2316 movere
478 2261 513 2316 de
535 2277 597 2318 casa
619 2261 667 2318 ubi
688 2260 826 2340 inhabitat
846 2261 1064 2334 presumpserit,
1094 2267 1121 2316 el
1141 2261 1207 2317 alibi

150 2359 269 2428 duxerit,
293 2365 435 2432 conponat
455 2359 503 2415 ille
525 2359 574 2432 qui
594 2359 622 2414 in
637 2366 719 2431 caput
740 2366 781 2415 est
802 2376 853 2432 pro
872 2360 983 2417 inlecita
999 2359 1207 2432 presumptione

150 2457 187 2512 ad
207 2456 359 2512 mundoald
381 2456 440 2528 ejus
461 2455 565 2512 solidos
593 2473 708 2513 numero
739 2473 828 2522 num
861 2465 887 2512 et
916 2457 939 2513 si
968 2457 1051 2514 liberi
1079 2455 1206 2515 homenis

148 2553 293 2627 cumipse
315 2553 434 2622 luerent,
458 2562 599 2626 conponat
620 2554 753 2628 unusquis
775 2571 825 2626 per
846 2562 927 2628 eaput
944 2555 1050 2611 solidos
1060 2571 1112 2609 xx:
1135 2552 1206 2610 servi

149 2659 242 2708 autem
263 2651 291 2707 in
313 2651 507 2723 conpositione
529 2651 637 2708 domini
659 2653 701 2708 sui
722 2659 918 2725 conpetentur.
939 2650 1010 2709 Nam
1030 2653 1052 2708 si
1069 2652 1140 2707 forte
1159 2652 1207 2707 ille

148 2751 233 2807 homo
254 2749 326 2805 liber
345 2749 446 2817 luerit,
476 2749 523 2821 qui
549 2749 637 2822 ipsam
659 2750 745 2807 fream
770 2751 805 2806 de
827 2767 889 2806 casa
909 2750 959 2806 ubi
980 2758 1022 2807 est
1042 2750 1149 2818 tolerit,
1180 2757 1207 2804 et

149 2847 202 2904 sibi
224 2863 340 2902 uxorem
371 2847 498 2916 duxerit,
533 2847 572 2904 sic
599 2855 755 2920 conponat,
789 2849 861 2904 sicut
890 2849 1028 2918 gloriosae
1055 2846 1206 2904 memoriae
1240 2901 1244 2905 .

148 2945 295 3000 Rouuanrr
317 2961 366 2999 rex
386 2944 415 3000 in
437 2945 576 3001 anteriore
597 2943 697 3001 Edicto
718 2935 866 3012 instituits·
917 2954 919 2958 '
1285 3021 1287 3028 Α

229 3039 322 3113 (ΧΠ.)
359 3043 423 3099 ult.
455 3043 483 3099 Si
507 3043 689 3116 quiscumque
709 3043 781 3100 liber
802 3045 886 3098 homo
908 3037 1036 3099 ancilium
1058 3058 1134 3098 suam
1155 3057 1207 3114 pro

144 3137 292 3210 religionis
313 3145 340 3194 et
360 3140 513 3196 munditiae
535 3157 615 3197 causa
636 3147 739 3196 vestem
767 3140 928 3211 religiosum
948 3139 1087 3209 induerit,
1118 3146 1147 3194 ut
1168 3139 1204 3208 ei,

147 3238 218 3294 sicut
239 3237 513 3293 consuitudo'terrae
545 3239 646 3294 aestius
675 3237 741 3308 εει,Δ
763 3237 937 3294 inferendam
958 3244 1005 3294 aut
1035 3236 1206 3294 oblationem

147 3352 198 3408 per
226 3336 291 3406 loga
303 3341 472 3416 *sanctorum
493 3335 591 3393 deveat
611 3337 775 3408 deportare,
808 3343 836 3392 et
855 3337 1012 3407 contegerit
1031 3353 1065 3391 ex
1085 3334 1206 3406 peccatis

148 3441 178 3488 ut
199 3432 336 3504 quispiam
358 3422 526 3488 homo'eam
543 3450 657 3490 exorem
680 3435 771 3506 ducat,
795 3435 962 3507 ubicumque
979 3433 1084 3490 inventi
1097 3433 1207 3489 luerent
1275 3443 1278 3450 ·

149 3535 322 3602 separentur,
346 3535 374 3586 et
394 3538 536 3602 conponat
557 3532 616 3605 ipsc
637 3533 685 3604 qui
707 3549 768 3590 cam
791 3535 852 3591 tolit
873 3549 989 3589 exorem
1009 3531 1124 3588 domino
1148 3531 1206 3602 ejus

148 3628 253 3684 solidos
273 3644 319 3692 ru,
343 3634 371 3683 ει
390 3629 438 3684 ille
459 3619 611 3685 revertatur
630 3629 660 3685 in
682 3630 828 3702 pristinum
849 3631 985 3688 habitum,
1009 3630 1091 3698 Quod
1112 3629 1136 3684 si
1157 3629 1207 3685 ali·

149 3725 210 3798 quis
231 3741 304 3790 eam,
328 3727 403 3798 quod
415 3727 496 3796 absit,
512 3723 716 3793 adulteraverit,
739 3728 823 3785 simili
838 3730 922 3786 modo
932 3736 1075 3800 conponat
1089 3727 1204 3784 domino

114 3855 115 3859 =
148 3823 207 3896 ejus
228 3823 333 3880 solidos
354 3840 471 3882 numero
492 3841 544 3881 xe:
567 3825 631 3897 quia
653 3826 766 3883 Edictus
787 3829 910 3885 anterior
928 3828 963 3883 de
984 3827 1088 3898 gentile
1104 3826 1206 3884 ancilla

149 3922 301 3978 adulterata
322 3939 358 3978 xx
379 3924 483 3979 solidos
504 3923 634 3980 contenit
650 3931 680 3980 ut
701 3932 886 3998 conponatur,
909 3921 943 3983 de
958 3926 1010 3982 Dei
1023 3924 1136 3998 quidem
1156 3941 1206 3981 an-

150 4019 213 4077 cilla
232 4019 337 4092 justum
357 4026 448 4077 estut
469 4021 625 4094 conpositio
647 4021 811 4080 dublice'tnr.
834 4009 1031 4082 Verumtamen
1050 4023 1090 4080 sie
1111 4023 1206 4080 statui·

149 4135 226 4188 mus,
256 4125 286 4175 ut
311 4117 334 4174 si
356 4113 469 4191 provata
490 4135 572 4176 cansa
603 4117 686 4177 iue'rit
706 4138 757 4194 per
776 4128 964 4194 presteterum
991 4129 1039 4179 aut
1057 4122 1143 4180 alium
1163 4138 1204 4178 sa·
1232 4138 1236 4146 ⁴

149 4217 309 4287 cerdotem,
341 4218 482 4290 quomodo
512 4207 573 4290 ipse
600 4225 702 4276 vestem
729 4219 861 4291 religiosa
888 4211 984 4302 induta
1006 4228 1066 4290 est,
1096 4229 1126 4278 ut
1145 4233 1222 4276 non·

148 4315 197 4372 fiat
217 4314 298 4372 alicui
320 4313 428 4371 homini
448 4317 589 4374 calomnia
613 4313 663 4390 pro
692 4317 847 4389 figmento,
879 4321 928 4375 sed
954 4336 1005 4391 pro
1034 4316 1118 4376 certa
1134 4318 1204 4375 veri·

148 4419 222 4479 tate3
254 4421 282 4469 et
310 4410 386 4470 dum.
403 4411 530 4486 prosatio
561 4433 623 4474 vera
651 4416 722 4474 laeta
753 4417 853 4486 fuerit,
887 4417 926 4474 sie
956 4417 1016 4490 ipsa
1047 4416 1203 4489 conpositio

149 4511 212 4569 lieri
236 4511 344 4568 deveat.
801 4511 802 4514 ’
