3172 5228
474 505 612 552 nnmrurr
635 506 701 552 ma.
723 504 828 552 reu.
1153 489 1196 554 lt
1230 539 1236 546 ,

139 662 281 729 conponat
300 653 330 712 iu
351 670 432 726 sagro
450 654 553 727 palatio
569 655 674 714 solidos
696 672 758 722 ccc,
781 663 810 713 et
821 655 972 713 mundium
992 655 1052 728 ejus
1072 656 1194 722 amittatt

139 760 168 812 at
188 753 223 810 sit
242 755 302 826 ipsa
323 769 387 811 cnm
408 752 492 810 rebus
513 752 571 814 suis
590 753 626 816 iu,
642 755 760 812 mundio
782 753 886 828 palatii.
928 754 1009 810 Patet
1032 761 1127 811 autem
1147 763 1197 812 aut

139 851 223 909 irater
237 857 401 923 potestatem
421 851 542 910 habeant
563 849 609 909 cui
630 857 678 908 ant
698 851 726 908 in
749 853 826 926 quali
848 857 918 908 etate
935 851 1054 909 voluerit
1072 852 1195 928 dandum

139 957 188 1006 aut
207 947 400 1022 spuusrndum
421 947 507 1004 tiliam
528 951 576 1005 aut
596 961 721 1007 sororem
740 929 837 1006 suam:
860 948 994 1022 quoniam
1015 947 1065 1006 ista
1084 949 1196 1009 licentia

138 1047 204 1106 ideo
226 1029 374 1111 dedimus,
407 1061 441 1102 co
472 1046 550 1118 quud
576 1047 716 1106 credimus
737 1046 815 1120 quod
837 1054 914 1121 pater
934 1044 1020 1106 tiliam
1045 1054 1094 1105 aut
1113 1048 1197 1107 trater

138 1162 265 1205 sororem
284 1140 364 1205 sunm
384 1144 485 1204 doloso
513 1141 607 1201 animo
628 1150 677 1201 aut
703 1151 800 1202 contra
829 1144 967 1204 rationem
993 1143 1127 1218 cuiquam
1147 1147 1198 1206 bo-

139 1243 208 1300 mini
224 1245 297 1318 ‚dare
317 1258 375 1298 nou
397 1241 527 1299 debeant.
624 1261 629 1272 Δ

221 1340 295 1415 (VH.
326 1339 367 1397 De
387 1341 545 1396 comunem
565 1334 687 1396 luminis
708 1340 806 1408 libari,
825 1343 865 1396 'et
892 1341 1100 1411 mupotltt‘oulm
1119 1339 1197 1417 elus.)

139 1442 198 1498 1⁸.
240 1438 271 1495 Si
290 1437 357 1512 quis
377 1437 579 1508 Langobardos
600 1436 635 1494 ab
655 1427 711 1496 'atio
732 1436 862 1504 homine,
886 1436 964 1509 quod
984 1437 1060 1494 Deus
1081 1445 1195 1510 avertat,

139 1537 305 1595 interemtus
324 1534 425 1605 luerit,
457 1539 486 1590 et
506 1549 589 1594 causa
608 1533 766 1594 secundum
794 1535 886 1605 legem
911 1533 948 1592 ad
973 1535 1197 1608 conpositionem

139 1633 263 1705 uenerit,
293 1632 400 1705 etipse
422 1632 472 1706 qui
494 1631 602 1690 occisus
623 1631 714 1692 inerit
728 1631 818 1690 filium
839 1630 1026 1692 masculinum
1054 1650 1111 1691 non
1132 1635 1198 1695 roli-

139 1732 250 1805 queritr
263 1745 444 1804 „quamquam
465 1730 536 1788 filisu
556 1727 765 1789 instituisstmus
785 1729 896 1786 heredis
915 1729 988 1788 sicut
1006 1732 1146 1794 masculus
1167 1734 1197 1794 in

140 1829 217 1896 omni
238 1827 393 1887 substantia
415 1827 501 1901 patris
515 1833 551 1884 'et
570 1826 682 1897 matris,
715 1828 804 1901 ipsam
824 1826 1049 1901 conpositionem
1070 1831 1198 1892 volumus

139 1934 172 1984 ut
191 1927 330 2000 accipiant
350 1924 509 2000 propinqui·
525 1927 646 1999 parentis
667 1925 792 1998 ejusdcm
814 1925 863 2000 qui
886 1925 995 1984 occisus
1025 1926 1125 2000 luerit,
1156 1928 1198 1986 iili

140 2025 188 2099 qui
211 2042 261 2098 per
281 2030 364 2099 caput
384 2024 534 2083 succedere
556 2029 725 2096 potuerunt3
754 2024 821 2097 qnia
846 2024 923 2082 litiae
949 2024 1027 2097 ujus,
1060 2041 1095 2082 eo
1123 2009 1199 2098 quud

138 2125 260 2182 timeneo
281 2139 350 2182 sexu
372 2138 431 2180 esse
451 2127 601 2195 provatur,
631 2137 687 2178 uon
709 2129 826 2194 possunt
850 2121 953 2180 faidam
980 2122 1070 2196 ipsum
1091 2125 1194 2182 levare.

64 2291 67 2297 Ι
141 2223 207 2279 ideo
228 2220 423 2296 prospeximus
445 2227 476 2276 ut
492 2220 584 2293 ipsam
605 2217 831 2292 conpositionem
852 2236 910 2276 nou
941 2220 1098 2293 recipiunt,
1131 2223 1197 2298 nisi,

140 2319 313 2385 utdiximus,
337 2317 469 2390 supratut
484 2316 638 2391 propinqui
656 2316 798 2389 parentius
821 2322 848 2372 et
867 2316 891 2374 si
906 2316 1057 2391 propinqui
1075 2320 1200 2392 parentis

142 2435 199 2476 non
220 2417 341 2487 fuerint,
373 2422 440 2474 tuuc
468 2415 645 2476 medietatem
673 2415 708 2473 de
737 2417 797 2488 ipsa
822 2415 1019 2488 conpositione
1046 2417 1199 2490 suscipient

141 2515 214 2574 tiliae
236 2515 323 2588 ipsius
343 2513 365 2570 si
386 2530 443 2571 uua
457 2522 505 2572 snt
520 2515 614 2586 plures
626 2505 747 2578 luerent,
771 2519 799 2569 et
815 2512 993 2574 medietatem
1011 2515 1097 2575 curtis
1113 2516 1197 2587 regia,

221 2611 309 2688 (tut.
330 2611 371 2668 De
390 2613 537 2677 cunutus,
560 2613 676 2683 qualiter
695 2629 753 2668 uuo
773 2613 884 2670 ultcrlru
902 2615 1043 2670 succedere
1064 2613 1199 2688 mount.)

139 2713 199 2771 14.
222 2710 252 2770 Si
272 2727 383 2770 sorores
403 2710 433 2768 in
454 2726 517 2767 casa
537 2709 623 2783 putris
642 2709 828 2768 remanserint
847 2715 896 2767 uut
916 2728 931 2767 a
951 2711 1082 2768 maritum
1103 2713 1199 2776 ambre-

140 2809 268 2878 lavoriut‚
290 2808 440 2876 succedant
460 2807 530 2880 patri
551 2823 602 2864 suu
621 2814 649 2863 et
665 2807 745 2866 metri
766 2824 834 2865 suae
855 2808 884 2864 in
896 2809 1029 2867 omnibus
1045 2811 1199 2872 substantia

141 2924 257 2976 eurum,
279 2907 351 2965 sicut
378 2911 458 2964 antea
479 2905 635 2964 statuimus.
679 2906 758 2962 Etsi
779 2906 935 2978 contugerit
956 2923 1012 2964 una
1032 2923 1067 2964 er
1093 2909 1198 2968 eisdem

140 3005 285 3064 sororibus
300 3003 382 3072 mori,
405 3010 474 3062 tunc
495 3010 611 3076 atquae
632 3002 660 3060 in
676 3003 779 3076 capillo
796 3011 997 3073 remanserunt,
1020 3011 1141 3078 atquae
1162 3008 1208 3064 ad·

76 3079 93 3174 ¹5
140 3089 273 3163 maritum
292 3101 510 3168 submoverint,
543 3100 573 3160 iu
595 3101 671 3159 omni
693 3101 816 3174 portioni
836 3101 926 3158 sorori
947 3118 1014 3159 suna
1035 3102 1196 3172 deiunctae,

141 3201 267 3276 quumvis
287 3201 380 3276 puella
401 3206 512 3258 mortua
533 3199 635 3266 tuerit,
667 3199 834 3264 succedente
867 3200 991 3273 parentis
1019 3208 1113 3260 antem
1133 3219 1198 3276 pro-

81 3283 82 3290 *
141 3299 241 3374 piuqni
263 3299 485 3358 autsmuudoald
506 3314 603 3360 earum
623 3304 732 3355 tantum
753 3297 902 3356 mundium
923 3315 1019 3356 carum
1034 3301 1197 3374 suscipiant,

54 3421 60 3430 ·
142 3414 207 3457 narn
228 3383 263 3456 dc
284 3398 370 3456 rebus
391 3396 452 3469 ejus
472 3396 549 3454 uliud
570 3395 640 3452 nihil
660 3396 824 3469 percipiant
867 3396 896 3454 Si
925 3404 1019 3455 autem
1044 3401 1200 3471 contegerit

140 3496 188 3552 itin
209 3494 280 3550 rnori
302 3495 449 3568 quaejam
472 3502 560 3567 nupto
582 3491 683 3550 tradita
697 3501 755 3564 est,
779 3502 847 3552 tunc
867 3494 915 3552 ille
936 3492 962 3552 ei
982 3498 1125 3570 succedet,
1149 3497 1198 3572 qui

141 3609 203 3652 eam
223 3609 275 3666 per
293 3592 442 3652 mundium
462 3607 542 3648 snum
562 3590 638 3648 tocie
814 3655 815 3660 η

213 3675 254 3748 ¹Si
274 3699 364 3748 auctu
384 3691 586 3762 qualitatemque
608 3708 687 3748 roure
706 3693 804 3748 amodo
824 3699 982 3748 numum
1008 3695 1042 3750 {lc
1061 3694 1103 3748 lule
1123 3694 1198 3763 cupt-

141 3791 216 3858 tule's,
239 3805 307 3860 quoe
326 3805 399 3846 nuuc
418 3788 585 3846 Enrellsutlu
605 3798 699 3846 nuncu
718 3792 828 3858 statutt,
851 3807 869 3846 u
886 3792 1005 3861 umenti
1024 3792 1087 3847 linc
1105 3791 1198 3846 tuus»

143 3889 241 3944 dutum
259 3888 432 3956 martiorum,
455 3888 503 3942 loc
525 3894 562 3943 cet
582 3890 783 3958 quintodecimo
802 3889 961 3956 indictione,
984 3895 1009 3944 rt
1029 3904 1101 3943 nuuc
1120 3889 1198 3959 reque·

62 4059 64 4064 Ι
142 3987 229 4042 uoltu
255 3986 287 4042 s‘u
306 3982 359 4046 Dei
377 3987 493 4055 nominc,
512 3987 624 4056 quluto,
655 3987 776 4042 uolumus
795 3991 826 4040 ut
845 3986 885 4040 sic
905 3987 1098 4048 emesenum,
1127 3987 1197 4042 sieut

144 4080 276 4140 mannua
303 4085 398 4140 nostru
428 4099 487 4142 cum
511 4084 650 4154 iudicitur
676 4093 700 4140 et
719 4083 832 4152 reliquis
851 4081 1043 4154 Luuqolordu
1069 4086 1195 4151 morcon,

142 4187 173 4236 ut
193 4195 275 4250 supra
290 4179 433 4250 &quotum
455 4197 524 4250 quus
539 4196 601 4236 uero
617 4188 698 4236 auten
707 4182 741 4236 rte
756 4158 854 4236 tnl'u'lm
869 4181 995 4252 capitulis
1004 4189 1195 4252 nummu,

143 4285 167 4336 et
182 4279 244 4349 jum
261 4278 355 4347 finitae
374 4283 557 4342 ustulatum
575 4285 652 4341 runt,
684 4280 723 4334 uc
744 4285 938 4348 pmmuucnm,
969 4275 1038 4335 elcut
1056 4281 1132 4350 prinu
1152 4297 1197 4336 co·

143 4382 309 4448 quuteueuur
328 4377 516 4434 eucdccuce.
548 4405 549 4420 ι
646 4427 647 4436 ,

465 4505 595 4548 exstruis
615 4507 653 4547 ll!
674 4503 747 4548 Milli)
767 4505 880 4557 omnio.
