3172 5228
389 508 431 570 30
786 523 940 568 ΒΟΊἮΔΙΙΕ
963 523 1054 570 nuta

387 675 560 747 liveravcrit,
582 673 654 732 sieut
673 688 756 748 supra
775 674 956 734 coustitutum
976 679 1034 746 eat,
1057 680 1086 732 et
1104 671 1154 734 illa
1172 671 1204 732 iu
1225 674 1341 734 domum
1360 670 1448 746 pateis

301 771 304 776 ⁴
387 781 436 834 aut
455 774 547 832 scabis
567 787 722 845 regressam
743 772 841 845 luerit,
864 779 892 832 ut
912 772 980 839 alias
1000 787 1112 830 sorores
1131 771 1162 830 in
1183 789 1275 832 casam
1295 771 1381 847 pausis
1401 776 1449 830 atat

388 873 480 932 iratris
500 871 649 940 invenerit,
670 878 699 929 et
719 879 815 946 postea
835 880 915 946 pater
934 861 982 931 aut
998 872 1082 931 irater
1096 877 1223 932 mortuus
1237 871 1331 944 luerit,
1353 876 1381 928 et
1400 869 1449 930 illa

387 970 552 1030 remanserit
580 969 609 1029 iu
631 986 694 1028 uasa
715 987 778 1029 cum
798 971 866 1030 alias
886 989 996 1030 sorores
1016 989 1102 1032 unam
1121 980 1170 1030 aut
1188 972 1297 1046 plures,
1324 977 1352 1028 et
1371 986 1389 1029 a
1409 968 1449 1028 ls-

388 1053 517 1128 crrltatem
538 1069 624 1142 patris
645 1075 692 1126 aut
713 1069 810 1128 fratris
824 1070 953 1128 venerint
969 1071 1221 1129 dividendamcum
1235 1069 1309 1138 alius¹
1320 1072 1449 1142 parentes

387 1175 435 1225 aut
454 1167 538 1228 curtis
560 1166 639 1238 regi:
671 1173 738 1226 tuuu
758 1167 835 1226 illam
861 1169 998 1238 redeam,
1031 1169 1078 1242 qui
1110 1169 1139 1225 in
1161 1169 1275 1226 domum
1296 1165 1449 1240 patrissat

387 1265 478 1322 fratris
498 1281 622 1336 regressa
643 1270 701 1333 est,
734 1264 835 1324 babeat
855 1265 908 1323 sibi
930 1265 960 1323 in
981 1273 1063 1324 autea
1083 1265 1246 1339 murgiuoap
1268 1271 1297 1322 et
1315 1261 1447 1337 mepbiut

387 1364 423 1420 de
443 1363 559 1421 ludariiu
581 1363 684 1432 summ,
706 1362 736 1420 id
757 1371 799 1421 est
819 1370 954 1436 quantum
974 1364 1009 1420 de
1030 1363 1084 1421 alia
1105 1363 1180 1422 duna
1200 1363 1315 1437 quando
1330 1362 1371 1431 ⁴ad
1391 1377 1450 1418 ma·

386 1463 471 1522 ritum
491 1461 642 1520 ambulavit
660 1469 740 1535 pater
759 1470 807 1520 aut
826 1464 910 1520 irater
930 1463 956 1520 ai
978 1463 1074 1540 dedit,
1095 1462 1219 1520 mittatur
1238 1462 1268 1520 in
1289 1459 1446 1525 cumfusum,

387 1569 415 1620 et
434 1561 502 1619 alias
518 1573 634 1618 'sorores
653 1568 682 1619 et
701 1559 748 1618 illa
769 1561 824 1618 alia
845 1577 926 1619 surur
945 1577 1031 1619 uuam
1051 1567 1098 1624 aut
1117 1563 1211 1636 plures
1231 1561 1331 1618 tullast
1350 1573 1449 1638 uuam·

387 1657 450 1732 quis
469 1658 498 1716 iu
520 1664 601 1716 antea
622 1664 747 1728 tautum,
771 1665 907 1734 quantum
927 1675 977 1732 pru
999 1659 1116 1716 mundio
1138 1666 1216 1732 pater
1235 1663 1283 1716 aut
1302 1656 1388 1716 irater
1414 1653 1449 1712 li·

363 1756 542 1814 ·beraudam
563 1773 579 1812 a
600 1756 723 1829 parentis
751 1755 843 1812 mariti
873 1756 996 1814 defuncti
1021 1757 1108 1816 dedit
1151 1756 1268 1830 Reliqua
1295 1753 1381 1828 patris
1405 1753 1447 1810 vcl

387 1854 478 1912 fratris
499 1854 653 1912 substantia
674 1871 764 1927 acqua
783 1854 891 1912 lanciae
912 1853 1058 1925 dividant,
1090 1854 1162 1912 sicut
1188 1854 1217 1912 iu
1244 1854 1299 1912 buc
1316 1851 1448 1919 Edictum

384 1953 509 2025 legitera
532 1951 603 2009 etsi
625 1953 712 2010 sulam
733 1952 762 2008 iu
782 1969 874 2010 casam
895 1953 1071 2019 remanserit,
1090 1953 1124 2022 ,in
1137 1957 1272 2026 quantum
1293 1951 1318 2008 ei
1340 1967 1390 2024 per
1409 1950 1449 2008 le·

386 2065 450 2122 gem
472 2050 596 2123 conpetit
616 2049 728 2107 heredis
748 2051 889 2108 succedat.

465 2150 561 2206 wll·
583 2145 638 2218 (Dc
658 2150 789 2206 commuue
804 2145 954 2221 ⁴‘assedaei-is.)
976 2146 1006 2204 Si
1027 2146 1282 2206 maritusoxurom
1302 2163 1381 2208 satam
1401 2162 1447 2204 oc-

385 2245 486 2305 ciderit
505 2245 709 2318 inmerentem,
740 2245 817 2318 quud
838 2247 1002 2319 perlegam
1023 2261 1080 2300 non
1102 2245 1138 2302 sit
1157 2244 1256 2302 menta
1276 2245 1359 2314 muri,
1381 2259 1447 2301 cuu-

387 2349 475 2417 ponat
494 2343 600 2400 solidus
626 2342 704 2400 mille
734 2343 890 2413 ducentos,
923 2342 1100 2400 medietatem
1127 2342 1183 2400 illis
1208 2342 1370 2416 parentibus
1400 2341 1446 2416 qui

386 2457 448 2498 eam
478 2441 513 2498 ad
539 2441 669 2501 maritum
689 2440 829 2498 dederunt
855 2446 883 2498 et
903 2440 1050 2498 mundium
1069 2447 1264 2513 susceperunt.
1296 2447 1324 2497 et
1344 2440 1447 2498 medie-

386 2543 470 2596 tatem
491 2537 571 2610 regi,
603 2537 640 2594 ita
671 2545 701 2594 ut
728 2554 778 2611 per
803 2545 926 2596 actorem
955 2537 1028 2609 regis
1049 2538 1247 2609 distringatur,
1279 2546 1308 2594 et
1328 2554 1446 2612 poenam

386 2635 601 2709 suprascriptam
622 2641 807 2709 conponatur.
828 2636 865 2692 Et
885 2635 996 2696 titilius
1017 2636 1051 2692 de
1071 2635 1131 2710 ipsa
1148 2637 1294 2704 mulierem
1309 2635 1445 2705 babuerit,

386 2734 508 2792 babeant
534 2731 586 2793 lilii
614 2733 830 2806 morgincaput
856 2733 972 2792 iaderliu
1000 2734 1096 2791 matrb
1121 2749 1187 2792 suae
1207 2741 1350 2800 mortuaea
1378 2741 1407 2792 ct
1425 2733 1447 2791 si

386 2832 462 2889 lilius
483 2846 517 2888 ex
537 2830 598 2904 ipsa
619 2847 677 2888 uuo
699 2829 847 2901 babuerit,
876 2837 1029 2889 revertatur
1048 2831 1108 2904 ipsa
1129 2831 1244 2889 facultas
1263 2832 1301 2890 ad
1321 2837 1448 2906 parentes

387 2929 436 3005 qui
458 2947 520 2991 eam
540 2929 575 2990 ad
597 2929 727 2995 maritum
749 2914 904 2996 dederunt'a
937 2931 1008 2988 etsi
1030 2938 1159 3004 parentes
1180 2947 1238 2988 nuo
1261 2929 1359 3000 luerit,
1383 2936 1448 2987 tunc
1566 2971 1567 2980 κ

385 3027 446 3104 ipsa
466 3021 624 3100 conpositio
646 3033 674 3087 ct
687 3027 818 3104 predicta
840 3027 954 3087 facultas
975 3027 1010 3085 ad
1030 3035 1136 3088 curtem
1156 3028 1230 3100 repis
1250 3027 1402 3101 perveniat

464 3128 554 3184 101.
575 3125 627 3196 (De
645 3126 758 3187 muliere
778 3126 864 3182 libero
884 3122 993 3200 oense.)
1035 3124 1066 3182 Si
1094 3125 1157 3199 quis
1182 3126 1305 3200 puellam
1332 3125 1447 3184 liberam

386 3229 434 3282 aut
453 3223 601 3282 mulierem
622 3239 673 3296 per
693 3224 820 3296 qualevis.
835 3238 1022 3280 occansonem
1044 3222 1189 3295 occiserit,
1221 3230 1366 3297 conponat
1384 3224 1449 3282 suli·

387 3321 439 3378 dus
460 3319 536 3378 mille
553 3321 700 3390 ducentos,
724 3321 902 3378 medietatem
912 3319 1074 3394 parentibus
1091 3328 1139 3379 aut
1152 3320 1188 3378 ad
1204 3337 1289 3394 quem
1303 3321 1448 3379 mundium

387 3419 422 3476 dc
442 3417 503 3492 ipsa
524 3406 655 3492 pertenit,
677 3424 706 3476 et
722 3418 990 3490 medietatemregi3
1013 3425 1042 3475 ct
1061 3418 1085 3476 si
1104 3417 1296 3490 pareutisnun
1309 3418 1445 3484 babuerit,

386 3522 452 3574 tunc
481 3515 541 3591 ipsa
562 3515 719 3590 conpositio
741 3515 771 3572 in
799 3516 939 3588 integrum
961 3515 997 3575 ad
1017 3516 1101 3574 curtis
1122 3516 1195 3587 repis
1216 3516 1377 3588 perveniata
1409 3515 1448 3573 sie

387 3619 479 3672 tamen
500 3613 523 3670 si
544 3619 604 3676 astu
625 3613 730 3684 auimo,
753 3612 782 3670 id
803 3620 845 3671 est
865 3613 1045 3680 voluntariae,
1069 3631 1134 3672 eum
1154 3613 1290 3674 occiserit.

467 3713 561 3784 wi,
601 3710 631 3768 Si
658 3711 758 3768 mulier
783 3711 812 3768 in
844 3718 933 3769 morte
955 3712 1047 3770 mariti
1073 3711 1116 3770 sui
1143 3711 1331 3770 consiliaverit
1349 3727 1400 3786 per
1419 3727 1448 3768 se

387 3815 434 3868 aut
453 3825 505 3884 per
525 3809 697 3882 subpositum
718 3825 878 3882 personam,
901 3808 938 3868 sit
957 3809 987 3867 in
1004 3815 1168 3884 potestatem
1183 3809 1274 3869 mariti
1295 3809 1330 3866 de
1351 3827 1384 3868 ea
1405 3809 1448 3867 la·

387 3925 450 3966 uere
471 3907 548 3983 quud
570 3907 698 3976 vuluerit,
721 3906 803 3964 simul
824 3913 853 3966 et
873 3906 908 3964 de
928 3923 973 3966 rus
993 3908 1079 3982 ipsius
1100 3908 1237 3968 mulieris.
1267 3907 1337 3965 Mm
1358 3906 1382 3964 si
1402 3907 1449 3966 illa
1564 3913 1565 3928 ¹

388 4007 547 4080 negaverit,
569 3999 658 4064 luceat
678 3998 808 4080 parentes
834 4023 896 4064 eam
924 4006 1073 4082 purificare
1095 4014 1142 4066 aut
1162 4023 1213 4081 per
1233 4012 1446 4080 sacramentum,

387 4111 434 4164 aut
454 4121 505 4178 per
525 4103 732 4179 uampbiuuem,
756 4104 785 4162 id
806 4110 849 4161 est
868 4121 919 4178 per
939 4121 1040 4178 pugna
1261 4168 1263 4179 Ι

466 4203 556 4261 8⁰8.
598 4202 628 4260 Si
649 4202 750 4260 mulier
769 4202 900 4260 maritum
920 4219 1001 4260 suum
1022 4200 1175 4274 occiderit,
1204 4200 1265 4276 ipsa
1294 4201 1445 4270 occidatur,
1563 4233 1564 4264 l

386 4305 415 4358 et
434 4315 479 4357 res
491 4300 560 4373 ejus,
583 4299 606 4360 si
622 4300 674 4358 lilii
685 4317 742 4358 nun
756 4300 868 4368 luerim,
893 4301 1016 4374 parentis
1031 4301 1123 4358 mariti
1140 4301 1262 4360 babeant
1270 4307 1445 4376 potestatem.

466 4398 557 4455 Μ.
598 4397 673 4456 Nulli
702 4398 813 4455 mulieri
841 4398 929 4459 libere
958 4399 1010 4456 sub
1029 4399 1110 4470 regni
1131 4399 1218 4458 nostri
1245 4399 1358 4459 dicione
1379 4397 1448 4470 lepis

386 4492 636 4566 Langobardorum
657 4493 794 4554 viventem
815 4496 944 4554 lucentio
966 4495 1023 4552 suis
1040 4503 1204 4568 potestatem
1220 4497 1365 4558 arbitrium
1381 4495 1449 4571 ailp-
