3170 5218
410 463 494 525 100·
795 479 981 524 eremannos
1003 477 1093 523 nucis

487 627 590 704 (Vtri.)
613 634 696 709 194.
718 629 748 686 Si
771 631 833 703 quis
850 629 955 688 aldium
966 631 1008 686 vel
1026 628 1139 697 aldium,
1162 644 1258 685 servus
1276 630 1320 684 sel
1336 628 1465 684 ancillam
1573 597 1574 690 3

407 729 565 800 battederit,
588 736 615 786 et
635 746 686 802 per
705 729 793 802 ipsam
815 729 981 785 betteturam
1001 726 1154 801 ponderosi
1175 727 1240 784 lacti
1259 727 1384 797 suerent,
1408 744 1467 782 me·
1573 711 1574 722 ἶ

407 828 539 884 dietatem
560 827 641 899 pretii
661 833 804 900 conponat
821 827 936 883 domino
958 828 1001 883 rel
1022 832 1142 898 patrono
1163 841 1261 884 eorum
1280 831 1421 898 tamquam
1442 824 1465 880 si
1573 841 1574 874 ι

408 943 472 982 eum
493 925 648 990 occidissiu
672 931 788 996 excepto
811 927 905 997 plagas
925 930 972 982 aut
992 925 1084 982 feritas
1105 924 1145 980 sic
1166 929 1322 997 conponat,
1345 923 1417 981 sicut
1436 922 1465 977 in

407 1023 575 1080 anteriorem
596 1023 697 1082 Edicto
718 1022 830 1093 legitur.

486 1120 607 1196 (VIIII.)
640 1121 726 1178 leo.
768 1121 798 1176 Si
819 1121 881 1193 quis
902 1121 1040 1177 malitiose
1062 1129 1090 1176 et
1111 1137 1163 1193 per
1183 1136 1316 1193 superea,
1349 1120 1419 1175 sieut
1439 1125 1468 1174 et

407 1219 492 1276 modo
513 1219 615 1276 lactum
637 1233 695 1274 esse
717 1217 920 1288 cognorimus,
956 1219 1101 1275 mulierem
1131 1225 1177 1274 aut
1208 1218 1329 1289 puellam
1350 1217 1467 1272 liberam
1573 1223 1574 1232 ¹

407 1318 551 1374 sedentem
572 1318 607 1373 ad
629 1315 822 1372 necessitatem
843 1315 969 1388 eorporis
990 1316 1049 1385 sni,
1081 1317 1122 1371 rel
1143 1315 1173 1372 in
1199 1315 1285 1371 alium
1305 1313 1467 1371 locum-ubi

406 1415 466 1488 ipsa
488 1414 591 1470 lomina
613 1430 665 1487 pro
686 1431 743 1470 sua·
765 1414 958 1470 necess-itatem
987 1415 1061 1470 nuda
1090 1430 1150 1470 esse
1180 1415 1313 1480 sedetur,
1341 1427 1467 1485 pungere
1573 1411 1574 1466 3

407 1514 449 1568 vel
472 1519 617 1584 percutere
639 1511 858 1584 presumpserit,
891 1519 1033 1584 conponat
1054 1512 1087 1568 ad
1110 1512 1263 1567 mundoald
1284 1511 1341 1583 ejus
1362 1509 1468 1566 solidos

409 1615 591 1676 octuacenta;
614 1617 642 1666 et
662 1611 685 1666 si
706 1610 795 1668 aldius
816 1618 863 1666 aut
881 1625 974 1666 servus
991 1608 1074 1666 fuerit
1095 1610 1142 1682 qui
1161 1610 1217 1666 lioe
1236 1609 1330 1666 tacere
1343 1623 1469 1681 presum·
1573 1647 1574 1692 ι

408 1707 503 1780 psertt,
515 1714 668 1781 -eonponat
688 1708 817 1764 dominus
839 1708 897 1781 ejus
907 1708 1012 1764 solidos
1034 1725 1079 1770 ix,
1103 1715 1131 1763 et
1147 1708 1239 1781 ipsam
1253 1724 1400 1780 personam
1419 1705 1468 1778 qui
1573 1729 1574 1788 p

409 1807 462 1861 hoe
489 1807 591 1880 malum
614 1805 715 1862 lecerit
740 1806 849 1863 tradere
877 1807 975 1864 deveat
1001 1806 1031 1862 in
1053 1823 1137 1862 manu
1168 1806 1203 1861 de
1224 1806 1376 1862 mundoald
1397 1806 1470 1877 ejus·
1573 1831 1574 1874 ι

409 1903 473 1960 dem
495 1903 611 1960 lemine

413 1999 427 2046 ,³
487 1999 547 2075 (X.)
577 2003 662 2058 190.
694 2000 725 2057 Si
751 2000 840 2056 aldius
867 2001 1064 2073 cujuscumque
1090 2001 1165 2056 aldio
1186 2001 1298 2058 alterius
1320 2000 1412 2058 tulerit
1432 2001 1468 2056 ad
1573 2005 1574 2036 l

410 2107 587 2169 exorem,.et
607 2097 657 2155 filii
681 2099 715 2154 de
736 2115 770 2156 ea
788 2098 925 2171 procreati
945 2098 1066 2166 tuerent,
1090 2105 1118 2155 et
1135 2099 1280 2154 mundium
1301 2117 1335 2156 ex
1356 2116 1389 2155 ea
1412 2115 1467 2154 non

303 2233 305 2236 -
409 2197 545 2267 fecerent,
569 2199 625 2254 sint
649 2197 698 2253 filii
721 2197 778 2268 eius
799 2196 918 2252 aldionis
939 2196 1016 2268 cujus
1037 2201 1065 2252 et
1085 2202 1173 2252 mater
1193 2195 1285 2252 luerit.
1328 2197 1397 2252 Nam
1419 2213 1486 2276 pos

408 2279 482 2352 steus
497 2295 643 2355 mundium
654 2295 762 2364 lecerit,
785 2302 812 2350 et
833 2293 883 2350 filii
907 2293 1109 2364 natiluerent,¹
1124 2294 1194 2350 siem
1215 2295 1468 2353 anterior-Edictus
1573 2321 1574 2366 3

410 2393 536 2450 contenit
555 2399 632 2466 patre
654 2398 825 2466 sequentum
858 2398 886 2448 et
906 2392 990 2448 talem
1011 2393 1102 2464 legem
1124 2393 1246 2448 habeant
1266 2409 1328 2448 oum
1350 2400 1469 2466 patrono
1573 2421 1574 2468 l

409 2507 470 2560 suo,
493 2492 605 2564 qualem
625 2497 653 2547 et
674 2497 869 2562 patereorum
890 2489 995 2548 habuit.
1036 2493 1038 2500 ’

490 2587 566 2662 (XI.)
588 2589 666 2647 199.
689 2588 718 2646 si
740 2588 802 2660 quis
823 2588 965 2643 Romanus
987 2587 1072 2642 homo
1089 2587 1234 2645 mulierem
1255 2589 1470 2659 Langobardam

390 2687 392 2696 ’
410 2686 512 2754 tolerit,
536 2693 563 2741 et
576 2685 722 2742 mundium
743 2702 777 2741 ex
796 2702 828 2742 ea
843 2685 950 2754 lecerit,
973 2692 1001 2742 et
1017 2686 1156 2758 postejus
1169 2686 1314 2743 decessum
1332 2688 1367 2742 ad
1384 2687 1469 2743 alium
1573 2711 1574 2716 ¹

410 2784 598 2840 ambolaverit·
612 2783 749 2864 maritum,
763 2783 823 2840 sine
845 2784 985 2842 voluntate
1006 2783 1124 2838 heredes
1145 2783 1245 2855 prioris
1266 2785 1372 2850 mariti,
1397 2784 1471 2840 laida
1573 2849 1574 2860 χ

411 2887 439 2938 et
459 2882 574 2955 euagrip
597 2899 653 2938 non
675 2883 833 2954 requiratur
840 2899 848 2949 ;
878 2881 944 2954 quia
971 2887 1082 2954 posteus
1101 2882 1261 2938 Rauranum
1277 2884 1419 2948 ‘maritum
1439 2899 1472 2938 se
1573 2911 1574 2914 ι

410 2981 562 3052 copulavit,
586 2985 613 3036 et
633 2979 695 3052 ipse
710 2997 745 3036 ex
765 2997 797 3036 ea
818 2980 965 3036 mundium
987 2979 1072 3047 lecit,
1094 2980 1221 3036 Romane
1242 2979 1338 3036 elfeca
1360 2987 1420 3045 est,
1443 2987 1474 3035 et

411 3077 460 3135 tilii
491 3077 540 3152 qui
569 3079 604 3134 do
635 3080 689 3134 tale
712 3078 892 3135 matrimonio
923 3083 1072 3158 nascuntur
1099 3079 1253 3134 secundum
1272 3079 1364 3149 legem
1385 3077 1472 3149 patris

304 3181 309 3186 ”
410 3176 529 3232 Romani
547 3175 640 3244 fiunt,
655 3183 684 3232 et
703 3177 856 3235 secundum
877 3179 968 3248 legem
989 3175 1075 3248 patris
1096 3175 1137 3230 sni
1160 3176 1261 3233 vivunt.
1303 3176 1369 3231 ldeo
1397 3175 1473 3231 faida

410 3281 438 3330 et
457 3272 573 3344 anagrip
595 3273 717 3330 menime
739 3279 901 3350 conponere
922 3274 998 3330 derit
1018 3272 1067 3346 qui
1088 3289 1149 3330 eam
1170 3279 1266 3347 postea
1292 3273 1367 3343 tolit,
1400 3272 1474 3328 sicut
1573 3293 1574 3316 ι

412 3388 463 3428 nec
483 3372 517 3428 de
539 3371 598 3427 alia¹
614 3373 748 3430 Romana.
1216 3408 1222 3415 .

491 3467 568 3541 (ml.
597 3471 681 3527 198.
712 3469 742 3526 lu
772 3469 912 3529 anteriore
941 3468 1034 3525 Edicti
1057 3468 1143 3526 nostri
1165 3468 1283 3540 capitula
1305 3469 1470 3536 adimemus,
1573 3479 1574 3540 ᾗ

410 3565 434 3623 si
456 3566 574 3625 wadiam
594 3582 673 3624 suam
693 3567 858 3638 splvendam-
871 3565 1010 3639 quispiam
1031 3565 1103 3622 liber
1123 3565 1208 3622 home
1230 3572 1285 3622 tres
1301 3567 1472 3640 fidejussoris
1573 3545 1574 3572 ³

412 3663 540 3731 habuerit
558 3664 662 3720 liberos
684 3664 841 3735 homines„
862 3665 970 3737 etipse
991 3663 1039 3736 qui
1066 3663 1183 3720 wadiam
1212 3664 1333 3736 suscepit
1353 3665 1472 3723 reddere

411 3761 578 3832 neclexerit,
608 3762 647 3818 sic
667 3771 811 3836 conponat
836 3763 907 3819 sicut
926 3763 973 3818 ille
995 3763 1043 3835 qui
1065 3779 1123 3818 non
1144 3763 1274 3820 habuerit
1294 3763 1473 3836 fidejussores

410 3867 532 3932 paratus.
565 3861 652 3922 Modo
674 3877 759 3930 vero,
795 3862 861 3918 dum
887 3876 987 3932 pravus
1016 3860 1144 3917 homiues
1170 3859 1388 3932 cognorissimus
1410 3863 1473 3919 talis

411 3958 571 4015 fidiussores
592 3959 662 4014 velle
683 3965 803 4016 statuere
825 3947 879 4032 qui
895 3959 966 4014 nihil
983 3958 1147 4038 habuerent,
1171 3957 1225 4014 nisi
1239 3959 1387 4016 sulumodo
1409 3976 1474 4033 per·

411 4071 508 4112 sonam
528 4071 625 4123 suam,
656 4062 686 4112 ut
714 4073 765 4130 per
779 4063 840 4130 ,eos
867 4055 1003 4128 justitiam
1022 4072 1099 4112 suam
1122 4056 1244 4112 creditur
1264 4056 1323 4130 ipse
1346 4057 1473 4116 invenire

411 4152 531 4209 menime
553 4153 656 4225 possit:
688 4155 853 4223 statuimus,
877 4161 907 4210 ut
928 4153 989 4212 talis
1010 4169 1070 4210 esse
1092 4153 1211 4210 deveant
1230 4154 1384 4214 lidiussoris
1406 4157 1472 4230 ipsi,
1573 4205 1574 4212 ,

411 4258 440 4307 ut
461 4249 483 4306 si
505 4250 623 4320 amplius
643 4268 700 4306 non
718 4252 996 4325 habueritquomodo
1018 4267 1080 4308 eum
1097 4251 1244 4323 pignerare
1261 4255 1371 4327 possint
1387 4273 1475 4330 quam
1573 4289 1574 4336 3

409 4349 469 4420 ipsa
490 4347 620 4403 oblicatio
642 4349 695 4428 sit,
711 4353 753 4406 vel
769 4357 875 4406 tantum
892 4351 1024 4418 habeant,
1048 4355 1193 4421 quantum,
1208 4355 1239 4406 ut
1258 4352 1390 4426 diximus,
1413 4355 1475 4428 ipsa
1573 4371 1574 4410 z

412 4444 542 4506 oblieatio
563 4456 605 4504 est
626 4449 700 4504 rande
721 4448 881 4504 fidiussores
902 4447 1072 4505 intervenire
1093 4451 1229 4516 debeant3
1252 4465 1318 4508 nom
1338 4451 1475 4511 siminus
1573 4421 1574 4468 3
