3198 5222
414 489 452 551 10

409 667 547 748 antiquo,
575 666 628 748 qui
652 665 736 728 Penii
761 665 975 746 experimento
999 665 1079 731 facto
1110 666 1142 727 in
1166 665 1265 729 Gallia
1288 665 1412 746 Belgica

389 771 525 861 'oppido
554 777 756 842 Toum-Villa
791 775 998 861 (inmanior)
1023 778 1098 840 mire
1129 773 1290 849 conveni13
1324 776 1414 838 buius

387 891 516 972 ,oppidi
549 891 650 964 enim,
687 911 755 952 cum
785 890 914 953 altitudo
943 891 1007 971 poli
1030 891 1069 952 sit
1092 892 1240 972 graduum
1266 890 1331 950 b9⁰
1357 889 1410 958 dd.

410 1004 480 1066 data
503 1003 694 1084 proiectione
719 1004 846 1064 umbrae
864 1003 1021 1083 praedicta
1039 1003 1101 1076 die,
1128 1003 1335 1090 ammissaque
1357 1002 1415 1084 hy-

410 1116 531 1197 pothesi
554 1123 711 1178 auctorem
734 1135 823 1178 usum
848 1135 917 1177 esse
948 1117 1059 1178 eodem
1087 1115 1186 1196 pedo,
1227 1115 1413 1177 habebimus

335 1239 337 1244 '
411 1226 546 1292 bominis
574 1229 683 1292 stantis
706 1227 900 1290 altitudinem
924 1248 1121 1292 romanorum
1151 1227 1266 1308 pedum
1289 1247 1331 1289 vr.
1346 1227 1412 1288 effi-

411 1341 556 1404 cientium
581 1341 739 1413 metricae,
766 1340 809 1403 uti
833 1347 956 1414 vocant,
983 1359 1146 1404 memmae
1173 1340 1265 1407 rui:
1300 1347 1416 1402 statura

410 1455 577 1535 praecipua
606 1452 748 1535 quidem,
781 1473 844 1515 non
875 1461 978 1515 autem
1009 1453 1170 1520 immanis,
1198 1471 1270 1516 nam
1293 1452 1414 1532 Lango-

411 1565 524 1640 bardos
554 1565 697 1630 bomines
727 1557 858 1646 corpora
887 1565 949 1628 alta
981 1573 1012 1627 et
1041 1565 1144 1630 valida
1174 1565 1338 1631 babuisse,
1383 1571 1417 1625 nt

411 1677 555 1740 Germani
580 1697 699 1751 omues,
725 1678 799 1740 satis
822 1686 1014 1760 compertum
1038 1686 1093 1743 cst
1129 1679 1249 1759 ltaque,
1276 1677 1303 1738 si
1319 1675 1414 1738 Paulo

409 1788 487 1852 fides
517 1790 636 1863 danda,
670 1797 735 1855 tum
766 1811 836 1852 oum
870 1792 908 1852 de
939 1791 1154 1872 experimento
1177 1791 1315 1873 loquitur
1338 1809 1414 1853 ase

409 1902 478 1982 ipso
501 1902 650 1982 instituto,
678 1903 812 1985 uulgaris
836 1923 911 1964 vero
933 1903 1080 1966 Italorum
1102 1904 1227 1966 traditio
1246 1903 1416 1965 reiicienda

410 2014 465 2082 sit,
491 2022 564 2076 tuuc
595 2016 683 2078 nobis
706 2024 898 2097 compertum
922 2016 981 2078 erit
1004 2015 1107 2078 Caroli
1129 2014 1233 2098 Magni
1260 2036 1339 2078 aevo
1363 2035 1418 2078 ve·

409 2135 507 2190 terem
531 2128 737 2203 Romanorum
761 2130 873 2209 pedem
896 2127 996 2190 adbuc
1020 2128 1052 2192 in
1076 2123 1165 2191 usum
1188 2129 1291 2194 fuisse.
1343 2128 1415 2189 Ani-

374 2244 376 2249 ’
408 2240 663 2303 madverteudum
686 2241 761 2303 item
785 2247 849 2321 est‚·
882 2241 1029 2304 barbaras
1058 2249 1166 2322 gentes
1190 2241 1329 2304 omnium
1351 2240 1415 2301 dis-

409 2353 592 2434 ciplinarum
627 2354 718 2415 rudes
747 2351 797 2414 vel
827 2353 929 2433 potius
953 2353 1091 2435 ignaras,
1129 2372 1290 2416 mensuras
1314 2373 1332 2414 a
1356 2353 1416 2414 Ro·

409 2465 508 2527 manis
531 2465 707 2528 necessario
724 2465 911 2539 obtinuisse;
939 2465 1111 2528 mirandum
1129 2474 1314 2528 tamennon
1333 2483 1413 2536 esse,

409 2579 435 2639 si
458 2579 489 2639 iu
512 2585 598 2640 tauta
620 2598 723 2640 rerum
747 2577 1007 2659 scientiarumque
1034 2578 1151 2642 iactura
1174 2575 1309 2640 artifices
1333 2596 1412 2658 quo-

409 2711 470 2772 que
494 2690 609 2771 aliquid
633 2711 649 2752 a
669 2690 888 2771 vernantique
912 2710 1056 2752 mensura
1074 2689 1270 2755 recesserint.
1310 2697 1341 2751 et
1361 2708 1417 2768 pes

408 2801 461 2864 ille
486 2810 573 2864 vetus
597 2801 825 2882 corruptionem
848 2802 899 2864 vel
922 2802 1080 2864 minimam
1103 2802 1141 2866 sit
1165 2821 1282 2883 passns.

496 2913 588 2976 Cuius
609 2913 783 2996 argumenti
807 2914 941 2976 maxima
964 2913 1182 2995 probabilitate
1205 2915 1329 2987 ductus,
1361 2933 1412 2974 ro·

408 3028 491 3089 mani
515 3028 604 3108 pedis
627 3026 766 3089 notitiam
789 3035 822 3088 et
845 3047 933 3089 usum
955 3027 1039 3108 apud
1062 3027 1156 3088 italos
1173 3028 1247 3088 tunc
1265 3023 1416 3107 temporis

408 3139 519 3212 fuisse,
552 3139 769 3221 publicamque
799 3159 854 3200 seu
883 3139 961 3220 legis
983 3161 1037 3202 seu
1067 3139 1300 3202 consuetudinis
1323 3156 1416 3202 sanc·

411 3252 527 3313 tionem
556 3251 720 3324 babuisse,
751 3250 884 3313 fidenter
906 3251 1078 3324 affirmabo,
1101 3258 1208 3333 ¹atque
1242 3252 1281 3313 ad
1313 3271 1415 3316 meam

409 3364 613 3426 roborandam
637 3363 820 3425 senteutiam
844 3383 924 3426 nova
948 3363 1090 3426 adiiciam
1113 3364 1309 3430 documenta.

497 3475 661 3536 Sexdeuim
698 3474 799 3556 digitis
830 3476 991 3539 constabat
1023 3496 1079 3557 pes
1109 3476 1183 3548 ille,
1220 3495 1260 3537 ex
1302 3476 1416 3557 quibus

410 3587 572 3650 duodecim
590 3585 676 3669 (sive
697 3594 759 3648 tres
782 3607 822 3648 ex
845 3595 977 3668 quatuor
993 3588 1147 3669 partibus)
1171 3606 1337 3650 romanum
1350 3588 1417 3669 pal÷

409 3719 491 3760 mum
519 3697 702 3760 hodiernum
737 3701 923 3774 effecerunt3
963 3701 1178 3772 florentinum,
1212 3700 1255 3760 uti
1275 3708 1413 3771 uocant,

408 3810 567 3872 brachium
591 3811 667 3871 duos
692 3830 731 3871 ex
754 3803 985 3892 hisce'peuibus
1009 3819 1167 3888 numerat3
1192 3832 1341 3876 romanus
1359 3831 1416 3894 pes

410 3922 573 3984 duodecim
597 3922 698 4003 digitis
721 3929 829 3985 anctus
853 3924 934 4002 (sive
957 3945 1012 4005 pes
1029 3932 1117 3986 vetus
1139 3924 1245 3986 addito
1260 3925 1417 3988 hodierno

409 4033 525 4116 palmo)
550 4036 811 4115 pedemontanum
833 4036 945 4116 pedem
969 4037 1090 4118 geuuit;
1113 4042 1186 4116 ‘pes
1212 4034 1417 4098 bononiensis

407 4146 504 4206 veteri
538 4146 610 4226 pedi
647 4145 744 4209 ferme
773 4156 924 4229 aequatur
955 4149 1060 4211 addito
1098 4150 1291 4230 quadrant03
1333 4169 1416 4231 quae

408 4258 553 4330 rationes,
580 4279 641 4320 non
662 4260 787 4341 quidem
802 4261 842 4322 ad
858 4281 990 4344 unguem
1008 4271 1149 4336 exactae,
1178 4281 1289 4343 parum
1310 4270 1415 4326 tamen
