3170 5218
386 417 465 515 Ι112
786 439 973 482 numurus
995 439 1089 482 aneas

398 604 519 661 porcus,
548 593 578 644 et
597 587 725 646 occiserit
745 606 780 646 ex
800 589 869 662 ipsis
888 604 977 662 porco
996 605 1072 658 uno,
1105 589 1147 648 sic
1175 589 1213 646 sit
1240 590 1312 648 sicut
1337 591 1459 647 anterior

398 685 514 744 Edictos
533 687 669 744 contenit.
711 685 742 742 st
770 687 886 760 quidem
905 694 1014 744 tantum
1034 688 1134 744 decem
1154 688 1313 756 invenerit,
1347 696 1375 747 et
1395 691 1458 763 pius

398 785 528 842 occiserit
557 802 641 858 qnam
660 785 776 842 Edictus
804 785 900 854 habit,
931 794 1075 860 conponat
1094 787 1125 843 in
1153 788 1293 859 actogiId,
1322 788 1390 844 sieut
1409 787 1460 860 qni

276 908 285 921 ·
398 884 474 940 malo
495 883 595 940 ordine
614 900 660 939 res
679 883 785 940 alienas
805 885 896 940 tollet.
918 886 989 942 Nam
1009 887 1033 942 si
1053 887 1103 943 ille
1124 886 1212 942 homo
1233 887 1282 960 qui
1302 888 1379 958 ipsos
1395 903 1461 959 por·

398 998 448 1038 cos
467 981 547 1038 habit
565 982 685 1054 amptius
703 982 810 1038 miserit
830 990 891 1040 asto
911 985 1006 1040 animo
1026 1001 1092 1040 suos
1112 991 1161 1042 aut
1179 985 1287 1042 alienos
1312 985 1341 1040 iu
1364 984 1461 1042 deten-

398 1096 471 1149 sum,
494 1097 578 1152 quam
599 1079 714 1136 Edictus
734 1080 828 1148 habit,
851 1088 880 1136 et
898 1082 947 1137 iile
968 1082 1046 1154 cujus
1065 1084 1133 1138 silva
1153 1089 1195 1138 est
1215 1083 1344 1139 occiserit
1364 1100 1397 1138 ex
1418 1082 1462 1154 ip-

399 1195 445 1234 sos
466 1180 529 1250 plus
548 1195 634 1250 wem
656 1177 771 1234 Edictus
791 1180 934 1248 contenit,
956 1197 1015 1236 non
1035 1181 1202 1253 requiratur.
1242 1183 1279 1237 Et
1298 1181 1321 1236 si
1341 1182 1390 1238 ille
1411 1180 1461 1253 qui

396 1293 498 1348 porcos
516 1277 626 1333 miserit
642 1277 737 1348 jurare
758 1279 958 1349 presumpserit
978 1279 1056 1352 quod
1076 1288 1137 1336 asto
1158 1297 1216 1336 non
1242 1279 1375 1348 misissit,
1405 1279 1461 1334 nisi

397 1358 465 1430 sine*
479 1377 650 1431 voluntatem
672 1375 759 1448 ipsius
779 1376 899 1443 domini,
923 1384 990 1432 tunc
1010 1377 1110 1434 reddat
1129 1378 1178 1435 ille
1198 1377 1247 1450 qui
1267 1378 1364 1434 occisit
1384 1378 1461 1450 ipsos

399 1489 500 1546 porcus
520 1473 684 1546 ferquidus3
706 1482 735 1530 et
754 1474 777 1530 si
787 1475 823 1530 de
836 1481 947 1546 pastore
964 1494 1016 1532 suo
1032 1477 1161 1533 similiter
1170 1477 1315 1549 juraverit,
1332 1476 1461 1532 similiter

280 1627 286 1642 ,
397 1571 570 1628 reddantur:
602 1589 666 1628 uam
687 1572 710 1627 si
730 1573 767 1627 dc
787 1578 898 1643 pastore
918 1574 955 1629 de
974 1582 1034 1630 asto
1051 1576 1146 1647 jurare
1172 1592 1229 1630 non
1250 1574 1460 1648 presumpserit,

398 1670 577 1726 medietatem
595 1671 765 1739 reddantur,
794 1678 824 1727 et
843 1672 1020 1728 medietatem
1040 1673 1144 1746 reputit
1162 1672 1236 1743 sibi,
1265 1672 1331 1746 quia
1351 1689 1461 1730 servum

398 1768 497 1824 habuit
517 1768 767 1840 indisciplinatum.
1403 1783 1406 1786 ·

476 1919 534 1994 (X.)
562 1920 647 1978 154.
674 1919 704 1976 si
726 1921 908 1993 quiscumque
929 1921 1014 1976 homo
1035 1920 1084 1994 qui
1106 1927 1147 1978 est
1167 1920 1299 1993 prodicus
1319 1929 1368 1981 aut
1388 1939 1459 1978 nau-

399 2017 501 2090 fragus,
534 2020 583 2092 qui
610 2017 743 2075 vendedit
769 2025 817 2073 aut
844 2019 987 2090 dissiparit
1016 2020 1199 2094 substantiam
1226 2036 1321 2089 suam,
1352 2027 1381 2076 et
1403 2034 1460 2076 non

398 2116 477 2173 habit
496 2117 571 2172 uude
592 2115 818 2188 conpositionem
840 2117 937 2185 taceat,
962 2125 990 2172 ct
1003 2117 1100 2173 iecerit
1116 2118 1219 2172 turtum
1235 2127 1282 2174 aut
1291 2117 1461 2174 adulterium

397 2223 444 2271 aut
463 2215 643 2282 scandalum,
670 2221 717 2270 aut
738 2215 833 2286 plagas
860 2213 908 2269 aiii
930 2214 1038 2270 homini
1059 2214 1203 2285 intulerit,
1234 2224 1262 2271 et
1289 2215 1374 2271 fuerit
1400 2216 1461 2288 ipsa

397 2313 555 2386 conpositio
587 2313 724 2368 valentem
746 2311 829 2367 solidi
855 2311 955 2383 viginti
981 2321 1031 2369 aut
1049 2329 1152 2385 supra,
1185 2315 1252 2369 darc
1273 2331 1337 2369 eum
1358 2313 1462 2369 debeat

398 2411 524 2484 publicus
545 2411 574 2466 in
595 2426 680 2466 manu
701 2410 780 2482 ejus,
810 2409 855 2465 cui
876 2410 942 2465 istas
962 2427 1058 2468 causas
1079 2412 1205 2468 inlecitus
1225 2411 1308 2479 fecit,
1342 2419 1371 2467 et
1401 2412 1461 2484 ipse

396 2525 461 2566 eum
481 2511 582 2566 habeat
602 2489 653 2580 pro
674 2523 792 2564 servum.
815 2507 846 2562 si
866 2514 959 2562 autem
974 2509 1066 2564 minus
1084 2509 1119 2564 de
1138 2509 1241 2579 rigenti
1256 2510 1363 2565 solidos
1378 2509 1463 2566 tuerit

396 2607 456 2680 ipsa
477 2606 649 2678 conpositio,
671 2605 742 2660 sicut
762 2605 826 2661 solit
847 2605 924 2674 ficri,
956 2623 1044 2678 usque
1072 2608 1108 2663 ad
1128 2625 1176 2663 sex
1197 2615 1225 2662 et
1245 2605 1394 2664 duodecim
1417 2623 1463 2662 so·

397 2704 488 2768 lidos,
518 2712 585 2759 tunc
615 2704 716 2758 debeat
747 2720 812 2759 eum
839 2702 967 2774 publicus
994 2705 1061 2760 darc
1088 2705 1117 2760 in
1148 2723 1231 2762 manu
1252 2706 1311 2778 ejus
1338 2707 1383 2762 cui
1406 2705 1461 2760 tale

397 2802 479 2873 culpa
500 2801 594 2859 fecerit
616 2818 667 2874 pro
688 2819 778 2870 servo,
802 2802 831 2856 in
853 2818 887 2857 eo
909 2803 1019 2872 ordine,
1042 2811 1073 2859 ut
1086 2805 1187 2860 serviat
1208 2805 1233 2861 ei
1254 2812 1348 2861 tantos
1369 2820 1461 2860 annos

395 2906 426 2954 ut
445 2899 534 2972 ipsam
554 2899 664 2971 culpam
685 2900 823 2956 redimere
844 2899 945 2972 possit,
977 2905 1005 2956 et
1025 2901 1107 2957 vadat
1132 2910 1230 2980 postca
1256 2903 1308 2959 obi
1339 2902 1460 2958 voluerit

397 2997 551 3053 absolutus.

476 3128 549 3204 (n.)
573 3129 660 3187 155.
686 3129 717 3185 Si
738 3129 800 3202 quis
822 3131 1022 3201 Langobardos
1044 3149 1159 3192 onorem
1184 3135 1291 3190 hebens
1312 3133 1387 3190 fitius
1411 3138 1460 3188 aut

395 3229 453 3284 titia
473 3227 676 3301 procreaverit,
705 3234 732 3283 et
752 3233 859 3300 postea,
882 3229 1095 3301 inspirationem
1116 3231 1169 3288 Dei
1190 3233 1354 3304 conpulsus,
1376 3231 1459 3288 cleri-

397 3343 445 3382 cus
469 3326 582 3382 effectus
602 3326 701 3389 tuerit,
730 3334 797 3382 tunc
818 3326 869 3382 filii
890 3328 1078 3402 autfiliasqui
1093 3336 1157 3386 ante
1173 3331 1232 3403 ejus
1244 3330 1459 3388 conversionem

396 3423 455 3480 nati
475 3423 578 3480 fuerint
598 3424 657 3495 ipsa
683 3425 775 3494 legem
795 3423 906 3494 vivant,
938 3441 1023 3498 quam
1052 3427 1100 3484 itte
1128 3428 1236 3486 vivebat
1261 3429 1374 3502 quando
1399 3444 1459 3485 ·eos

396 3521 502 3591 genuit,
525 3528 553 3578 ct
572 3538 683 3590 causam
704 3539 782 3581 suam
802 3539 853 3596 per
873 3523 962 3596 ipsam
983 3525 1075 3596 legem
1095 3526 1171 3584 finiri
1192 3526 1362 3602 debeant*)

396 3677 610 3692 ’.ὴ-*1

467 3777 492 3846 ⁸)
512 3781 591 3831 155².
613 3779 641 3830 St
660 3784 717 3843 quis
737 3795 751 3831 a
771 3787 949 3834 convenientia
968 3799 1013 3846 per
1026 3786 1140 3836 chartam
1159 3759 1220 3836 ese
1235 3787 1329 3837 iactam
1348 3798 1375 3836 sc
1396 3785 1458 3836 sub·

395 3873 516 3927 traxerit,
545 3869 618 3920 heres
644 3871 700 3932 ejus
728 3884 794 3931 pena
821 3877 1004 3934 conpostttouts
1024 3881 1125 3925 tenetur
1142 3876 1294 3934 adstrictus,
1317 3883 1456 3939 praecepto

397 3969 442 4018 per
460 3957 800 4019 quandaminstitutionem,
820 3961 860 4010 vel
879 3975 945 4023 quae
965 3971 1011 4016 est.
1031 3965 1087 4014 Hoc
1106 3965 1162 4015 ioco
1176 3965 1333 4015 admonendi
1352 3979 1454 4022 sumus,

396 4044 465 4106 qood
480 4045 663 4096 maleficiorum
683 4047 801 4111 litigium,
821 4053 870 4100 ntst
890 4051 919 4100 tis
939 4059 1078 4102 contestata
1098 4054 1183 4112 tuerit,
1203 4055 1326 4105 adversus
1345 4054 1456 4104 heredes
1561 4037 1562 4062 ἶ

396 4147 447 4183 non
467 4139 586 4187 transeat.
618 4135 646 4184 St
665 4147 724 4186 rero
743 4143 874 4189 contractu
893 4141 1042 4204 intraverit,
1068 4146 1122 4194 stre
1146 4143 1176 4193 its
1201 4149 1342 4194 contestata
1366 4143 1454 4200 inerit,

395 4221 449 4273 stre
467 4237 536 4278 non.
557 4217 643 4274 heredi
663 4231 688 4274 et
706 4230 732 4275 tn
753 4226 875 4277 heredem
894 4234 1016 4292 conpetit.

465 4338 517 4389 155
529 4330 548 4389 b.
567 4339 668 4389 Ptecutt
683 4341 759 4390 nobts
777 4344 899 4398 inserere,
918 4345 963 4395 ubt
982 4347 1022 4396 lex
1040 4347 1113 4397 deest
1125 4349 1263 4410 praecellat
1276 4346 1453 4404 cousuetudo:

395 4425 464 4476 nutta
485 4427 645 4478 consuetodo
658 4434 845 4492 superponetur
862 4431 921 4496 tegi.
