3172 5228
369 505 409 570 tt
761 529 918 575 nonnanis
943 529 1034 576 xxars

449 679 512 736 St.
533 675 586 752 (Dc
604 695 702 737 ocum
721 678 878 756 deuon.)
900 681 929 738 Si
952 683 1014 754 quis
1034 681 1139 740 aldium
1161 682 1284 741 alienum
1304 689 1351 741 aut
1371 699 1429 741 ser·

369 791 433 832 rum
455 777 664 835 ministerialem
687 793 783 834 nasum
805 779 969 850 absciderit,
989 789 1132 855 conponat
1152 781 1257 839 solidos
1279 788 1358 852 octo,
1381 798 1429 838 ex-

368 881 450 948 cepto
472 891 570 948 operas
591 883 619 932 et
639 877 775 933 mercedis
798 877 909 936 medici.

450 974 511 1031 88.
534 973 586 1044 (De
605 991 672 1032 ocra
693 973 822 1059 madro.)
852 975 881 1032 Si
903 977 965 1050 quis
985 976 1090 1034 aldium
1111 976 1234 1034 alienum
1254 985 1429 1035 aulaearum

368 1071 548 1128 ministeriale
561 1089 657 1128 aurem
664 1073 824 1137 absciderit,
837 1083 979 1146 conponat
989 1074 1095 1131 solidos
1105 1074 1185 1140 duos,
1203 1083 1320 1149 excepto
1331 1092 1430 1149 operas

368 1177 397 1226 et
416 1170 551 1226 mercedis
571 1169 682 1228 medici.

447 1270 509 1325 84.
532 1265 585 1341 (De
604 1270 680 1324 loom
701 1265 812 1341 oicoo.)
849 1267 878 1324 Si
899 1269 962 1342 quis
983 1269 1088 1328 aldium
1109 1269 1233 1326 alienum
1253 1277 1301 1328 aut
1321 1287 1495 1406 mrtem>

367 1364 579 1422 ministerialem
601 1366 708 1422 labrum
730 1365 880 1423 absciderit
909 1375 939 1423 ut
969 1368 1060 1424 dentis
1087 1374 1256 1441 appareant,
1288 1377 1432 1443 conponat

366 1463 473 1520 solidos
493 1479 551 1530 sex,
575 1472 692 1537 excepto
714 1479 813 1536 operas
834 1472 861 1521 el
881 1466 1016 1522 mercedis
1038 1465 1150 1524 medici.

449 1562 513 1620 su.
536 1561 588 1635 (De
608 1565 696 1618 dentis
718 1561 862 1636 recusae.)
903 1563 933 1619 Si
954 1563 1018 1636 quis
1037 1562 1142 1620 aldium
1164 1563 1287 1621 alienum
1307 1570 1355 1622 aut
1374 1581 1431 1620 ser·

366 1673 430 1715 rum
450 1659 662 1717 ministerialem
690 1660 803 1716 dentem
828 1662 982 1717 excusserit
1013 1677 1098 1717 unum
1127 1667 1174 1718 aut
1201 1663 1295 1735 plnres
1321 1662 1350 1720 in
1372 1662 1428 1722 risu

366 1765 549 1828 apparentes,
585 1775 652 1830 pro=
671 1775 758 1814 unum
784 1758 898 1815 dentem
925 1766 1068 1832 conponat
1093 1758 1199 1816 solidos
1226 1767 1373 1834 quattuors
1406 1762 1429 1818 si

369 1855 461 1926 plures
482 1856 604 1921 luerunt,
627 1873 678 1929 per
699 1857 752 1912 hoc
775 1857 883 1912 nonriro
906 1865 1111 1929 conponantur.

448 1954 513 2012 stt.
535 1951 587 2026 (De
606 1953 784 2026 monitores.)
818 1954 847 2011 Si
869 1955 931 2027 quis
952 1954 1027 2011 aldio
1049 1955 1142 2012 alieno
1163 1964 1210 2011 aut
1230 1972 1309 2011 serso
1333 1956 1431 2012 minis-

369 2049 458 2109 teriali
480 2052 632 2108 maxillaris
649 2051 741 2108 dentis
762 2053 923 2117 excusserit,
947 2069 997 2124 per
1017 2069 1104 2109 unum
1124 2052 1270 2109 maxillare
1290 2062 1431 2128 conponat

366 2150 473 2208 solidos
494 2150 569 2212 duos
591 2149 614 2207 si
636 2166 701 2206 reso
719 2150 941 2222 pluresluerent‚
965 2167 1015 2223 per
1029 2151 1083 2226 lroc
1102 2151 1213 2208 nomiro
1225 2159 1429 2224 conponantur.

446 2249 505 2306 81.
527 2245 594 2320 (Dc‘
610 2250 750 2306 bracilam
777 2249 910 2320 worn.)
959 2247 987 2304 Si
1014 2249 1077 2320 qsris
1104 2250 1209 2305 aldium
1236 2249 1359 2305 alienum
1384 2258 1431 2305 aut

367 2361 476 2404 serrum
504 2346 716 2404 ministerialem
744 2347 889 2404 brachium
910 2346 1034 2420 ruperit,
1066 2352 1209 2418 conponat
1235 2347 1340 2404 solidos
1364 2361 1427 2415 sex,

366 2451 483 2518 excepto
505 2461 604 2519 operas
625 2451 653 2502 et
673 2434 811 2501 mercedis
831 2443 942 2503 medici.

446 2543 509 2600 88.
533 2542 585 2612 (De
604 2560 687 2599 mono
708 2540 834 2615 deciso)
876 2542 906 2597 Si
937 2543 1000 2614 quis
1026 2541 1117 2598 aldius
1146 2541 1239 2598 alieno
1269 2548 1316 2599 aut
1336 2557 1429 2598 servus

367 2639 563 2696 ministeriales
570 2655 684 2696 manum
693 2639 853 2710 absciderit,
865 2639 1042 2696 medietatem
1053 2639 1133 2712 pretii
1145 2639 1231 2712 ipsius
1242 2639 1266 2695 ei
1279 2647 1429 2712 conponat.

348 2777 354 2788 ,
447 2739 511 2794 Sl).
533 2735 585 2811 (De
606 2740 694 2810 diptto
713 2737 834 2812 mnam.)
876 2737 906 2793 Si
932 2738 995 2812 quis
1023 2737 1129 2794 aldium
1155 2737 1277 2794 alienum
1306 2746 1354 2796 aut
1373 2753 1431 2794 ser-

369 2849 433 2892 rum
453 2833 664 2892 ministerialem
686 2835 805 2909 pulicem
827 2836 861 2891 de
886 2851 970 2892 manu
986 2835 1149 2906 excusserit,
1171 2841 1315 2908 conponat
1325 2835 1431 2892 solidos

368 2939 443 3002 octo,
466 2939 582 3007 excepto
604 2949 703 3006 operas
724 2941 752 2990 et
771 2932 908 2990 mercedis
929 2933 1039 2992 medici.

435 3032 519 3088 ,ou.
561 3029 591 3088 Si
612 3032 737 3094 secundo
760 3031 848 3103 digito
869 3030 904 3088 de
923 3047 1008 3088 manu
1029 3029 1197 3100 exouuerit,
1221 3036 1365 3103 conponat
1384 3045 1431 3086 so·

366 3125 438 3184 lidos
459 3143 518 3187 sex.
1326 3141 1329 3148 ’

448 3228 508 3285 Dl-
549 3203 586 3282 Si¹
601 3226 713 3283 tertium
728 3225 846 3296 digitum
868 3226 903 3282 de
925 3241 1008 3282 manu
1028 3225 1189 3291 excluserit,
1212 3226 1288 3298 quod
1310 3232 1353 3282 est
1372 3241 1430 3284 mo·

367 3327 493 3395 diadum,
515 3332 659 3398 conponat
678 3325 783 3382 solidos
805 3325 872 3382 duo.

447 3426 510 3483 us.
553 3423 583 3480 Si
611 3429 742 3497 quartum
773 3422 891 3494 digitum
916 3424 951 3484 de
981 3440 1065 3480 manu
1087 3423 1257 3493 excusserit,
1287 3428 1431 3496 conponat

367 3521 472 3580 solidos
492 3522 558 3580 duo.
633 3537 634 3544 ¹
1028 3597 1031 3602 Ι

448 3621 498 3678 us
541 3619 571 3675 Si
592 3617 721 3692 quintum
733 3615 851 3687 digitum
872 3617 907 3674 de
928 3635 1013 3676 manu
1034 3618 1196 3690 excusserit,
1221 3624 1364 3691 conponat
1384 3633 1430 3674 so-

367 3717 440 3775 lidos
460 3723 601 3791 quattuor.

447 3818 512 3873 04.
535 3812 589 3890 (De
609 3831 677 3872 coco
696 3811 801 3889 rapto.)
843 3813 874 3869 Si
895 3814 957 3886 quis
977 3814 1082 3872 aldium
1102 3814 1225 3873 alienum
1246 3821 1294 3870 aut
1314 3829 1424 3870 serrum

366 3913 576 3972 ministerialem
598 3929 667 3970 coxa
687 3911 794 3986 ruperit
813 3919 861 3968 aut
881 3910 962 3981 livia,
994 3919 1135 3985 conponat
1155 3912 1261 3970 solidos
1283 3919 1356 3977 tres,
1380 3927 1428 3968 ex·

366 4019 448 4086 cepto
469 4027 569 4084 operas
589 4016 618 4068 el
638 4009 775 4067 mercedis
796 4008 910 4068 medici.

447 4111 512 4169 uu.
535 4109 588 4182 (Ds
607 4113 674 4182 pede
694 4111 818 4179 eosdm.)
861 4107 891 4164 Si
913 4107 975 4180 quis
988 4109 1093 4182 aldium
1108 4107 1235 4165 alienum
1254 4112 1302 4163 aut
1321 4123 1431 4164 servum

365 4208 576 4266 ministerialem
596 4208 698 4280 pedem
718 4207 876 4276 absciderit,
900 4204 1079 4263 medietatem
1102 4205 1183 4278 pretii
1208 4205 1296 4278 ipsius
1315 4205 1342 4262 ei
1362 4219 1430 4263 con-

366 4311 464 4380 ponat,
487 4311 604 4378 excepto
626 4318 725 4378 operas
745 4312 774 4360 et
793 4304 931 4362 mercedis
953 4301 1066 4361 medici.

446 4406 514 4464 uu.
538 4401 595 4478 (Ds
614 4405 703 4476 dipito
721 4401 841 4474 pedone.)
884 4402 913 4459 Si
939 4403 1003 4475 quis
1027 4400 1133 4458 aldium
1160 4401 1282 4458 alienum
1303 4407 1351 4459 aut
1370 4417 1429 4458 ser-

1437 3863 1480 3923 ἵ

366 4518 430 4559 rom
450 4501 661 4560 ministerialem
683 4499 803 4572 polioem
824 4499 860 4556 de
880 4499 952 4571 pede
973 4498 1134 4570 excusserit,
1158 4505 1303 4573 conponat
1318 4497 1427 4556 solidos

366 4605 506 4674 quattuor,
529 4603 646 4672 excepto
667 4613 766 4670 operas
786 4604 815 4653 et
834 4596 971 4653 mercedis
992 4597 1102 4656 medici.
