3172 5228
481 507 750 576 curatorumve
766 525 839 570 -sa
1157 512 1200 576 ⁸5

148 677 297 736 neolictum
317 677 439 748 fecissit,
472 685 584 750 preveat
604 685 805 737 sacramentum
827 681 905 754 quod
932 681 1082 739 neelletum
1103 683 1138 740 ad
1158 682 1202 738 in-

148 774 319 848 quirendum
340 792 397 832 non
420 775 533 844 fecissit,
557 775 610 833 nisi
632 777 710 849 quod
730 777 855 834 invenire
877 795 935 834 non
951 779 1097 851 ,potuissit
1120 786 1147 838 et
1167 779 1202 836 sit
1265 829 1272 841 .

146 874 309 940 absolutum
339 874 417 947 qnod
437 875 459 930 si
477 874 572 947 jurare
593 890 677 931 ansus
698 891 756 931 non
777 875 874 946 luerit,
904 881 1046 948 conponat
1067 883 1201 950 utsupra

146 972 238 1044 ipsum
260 972 365 1029 lurtum
386 973 421 1028 de
442 971 557 1044 proprio
578 987 638 1030 suo.

226 1067 332 1142 (XIII)
354 1072 416 1127 88.
437 1070 467 1127 Si
489 1069 552 1142 quis
567 1085 676 1126 carrum
697 1076 725 1140 et
745 1069 830 1126 boves
850 1069 881 1125 in
896 1070 963 1127 silva
984 1086 1034 1126 sua
1050 1069 1198 1140 invenerit,

146 1172 173 1222 et
193 1167 336 1238 lignamen
357 1166 532 1240 superposito
554 1174 602 1224 aut
623 1183 687 1222 cnm
709 1166 944 1240 qualemcumque
970 1184 1030 1224 rem
1050 1166 1197 1235 honerate,

146 1271 174 1322 et
193 1264 269 1336 ipsos
289 1266 374 1322 boues
395 1271 443 1321 aut
470 1280 548 1320 carro
570 1263 807 1337 conprehenderit
835 1271 864 1320 et
893 1266 928 1321 ad
948 1265 1091 1338 propriam
1120 1281 1199 1324 suam

146 1361 271 1433 duxerit,
304 1379 362 1418 non
384 1361 420 1418 sit
440 1361 608 1434 culpaveIIs,
639 1378 689 1434 pro
719 1377 753 1417 eo
785 1363 863 1434 quod
894 1363 923 1419 in
951 1364 1036 1420 rebus
1056 1348 1114 1420 suis
1134 1379 1199 1420 eum

145 1459 259 1518 invenit.
932 1521 934 1526 .

224 1553 341 1632 (XIIII.)
382 1559 444 1614 88.
485 1557 526 1612 De
548 1555 679 1612 omnibus
696 1555 858 1628 judIcihns‚
887 1556 1000 1628 quando
1027 1555 1056 1613 in
1078 1555 1199 1614 exercito

97 1723 101 1732 ι
145 1654 285 1710 ambolare
302 1655 452 1712 necessitas
474 1653 566 1722 luerit,
591 1669 648 1710 non
665 1653 805 1711 dimittant
824 1652 1041 1724 alioshomenis,
1065 1653 1119 1721 nisi
1139 1661 1200 1711 tan·

145 1752 261 1808 tumodo
283 1753 332 1826 qni
354 1769 442 1808 unum
464 1752 568 1808 cavallo
590 1750 705 1820 habent,
728 1751 783 1807 hoc
804 1756 846 1808 est
866 1750 994 1808 homines
1015 1768 1077 1822 sex,
1100 1757 1128 1808 et
1148 1753 1200 1809 tol-

144 1851 203 1906 lant
222 1850 258 1906 ad
271 1846 381 1908 saumas
397 1865 460 1906 suas
481 1849 685 1922 ipsosoarallos
705 1864 769 1914 scx3
792 1856 820 1904 et
841 1848 1011 1906 dominionis
1026 1849 1197 1919 hominibus,

144 1947 192 2019 qui
215 1964 266 2004 nec
288 1965 362 2005 casas
384 1965 437 2004 nee
458 1954 544 2004 terras
565 1962 628 2002 suas
649 1945 762 2014 habent,
786 1945 926 2002 dimittant
940 1945 1068 2003 homenis
1089 1947 1196 2018 decem,

143 2051 170 2100 et
196 2045 250 2117 ipsi
281 2045 407 2102 humenis
435 2044 469 2102 ad
503 2045 595 2115 ipsum
619 2043 744 2115 judicem
771 2043 874 2100 iaciant
898 2060 948 2115 per
974 2043 1122 2102 ebdomata
1142 2061 1198 2102 una

144 2158 243 2214 operas
264 2149 327 2208 tres,
352 2159 441 2216 risque
462 2142 530 2198 dum
551 2142 610 2214 ipse
628 2141 715 2213 judex
737 2141 772 2196 de
794 2140 914 2198 exercito
935 2141 1091 2201 reuertitur.
1118 2143 1198 2199 Scul-

144 2239 224 2296 dahis
244 2255 309 2296 vero
331 2239 451 2297 dimittat
471 2239 599 2296 homenis
621 2246 674 2295 tres
695 2239 745 2312 qui
766 2238 887 2295 cavallus
907 2238 1029 2310 habent,
1053 2245 1081 2295 et
1101 2241 1199 2296 tollant

143 2336 177 2393 ad
199 2352 309 2394 saumas
329 2354 393 2394 suas
414 2338 489 2410 ipsos
510 2338 629 2394 cavallos
650 2344 723 2402 tres;
754 2341 781 2392 et
801 2335 837 2391 de
857 2334 1014 2394 minoribus
1035 2335 1197 2394 hominibus

143 2435 283 2495 dimittant
302 2435 430 2492 homenis
451 2437 595 2508 quinque,
619 2435 667 2507 qui
696 2434 798 2491 laciant
817 2433 962 2506 eioperas
983 2435 1051 2491 dum
1076 2434 1136 2508 ipse
1153 2452 1197 2491 re-

142 2549 237 2590 versus
258 2534 357 2604 luerit,
390 2534 462 2590 sient
489 2534 523 2590 ad
549 2533 676 2605 judicem
708 2531 866 2601 dixemns‚·
891 2547 942 2604 per
972 2533 1118 2592 ebdomata
1141 2551 1197 2594 una

143 2647 241 2704 operas
262 2639 325 2690 tres.
357 2631 491 2689 Saltarius
512 2631 628 2704 quidem
649 2632 728 2688 tollat
748 2631 852 2687 corallo
875 2647 950 2702 uno,
979 2632 1061 2690 etde
1082 2633 1198 2692 minori·

140 2731 194 2786 bus
215 2729 265 2802 qui
283 2730 320 2785 ‘ci
343 2745 442 2802 operas
463 2729 545 2786 iaciat
564 2731 643 2786 tollat
663 2729 778 2786 homine
799 2744 879 2794 uno,
903 2735 930 2785 et
950 2729 1031 2787 laciat
1051 2730 1077 2788 ei
1099 2747 1197 2804 operas

140 2827 213 2884 sicut
232 2843 315 2899 snpra
336 2825 450 2895 legitur.
473 2827 509 2882 Et
529 2826 550 2882 si
573 2827 692 2899 amplius
710 2827 797 2898 judex
818 2827 861 2884 rel
881 2827 1023 2885 sculdahis
1048 2837 1097 2886 aut
1116 2833 1197 2888 salta-

140 2925 199 2981 rius
219 2924 360 2981 dimittere
380 2924 579 2997 presumpserit
596 2925 724 2982 homines
745 2923 805 2981 sine
826 2925 900 2996 regis
916 2925 1052 2998 permisso
1073 2934 1120 2984 aut
1137 2928 1197 3000 jus-

139 3022 229 3092 sione,
252 3022 350 3095 quiin
372 3021 493 3079 exercito
514 3023 657 3080 ambolare
678 3021 767 3087 derit,
790 3029 932 3097 conponat
953 3022 1073 3096 wirigild
1092 3040 1145 3082 suo
1164 3026 1195 3082 in

140 3135 222 3191 sagro
242 3122 357 3194 palatio.

219 3219 295 3276 Haec
314 3223 407 3276 onmia
426 3223 548 3292 sopenna
568 3220 778 3289 connrueln'nre,
810 3235 878 3290 qaue
898 3227 979 3274 cretea
996 3235 1046 3288 pen
1059 3220 1195 3290 judiciem

139 3319 219 3387 finito
239 3326 263 3373 et
283 3325 384 3374 steten
403 3325 465 3374 sunt
486 3327 510 3375 et
530 3319 674 3373 terminum
700 3318 816 3387 pontem
837 3324 890 3385 est,
922 3319 961 3373 n'e
980 3325 1108 3374 maneant
1127 3321 1195 3376 sicet

141 3422 223 3471 anteo
242 3423 305 3472 sent
325 3424 445 3482 statuta,·
468 3434 537 3488 quoe
558 3422 647 3471 antem
667 3417 763 3470 amodo
777 3423 934 3471 emerserant
953 3417 992 3471 n'c
1005 3416 1191 3482 terminentur,

139 3514 207 3569 aient
227 3530 299 3570 nune
318 3516 349 3570 in
366 3497 484 3585 presente·
503 3512 598 3569 Eda‘eti
616 3514 746 3584 paninum
766 3513 918 3582 anteimus.

479 3643 609 3682 nmnrcrr
632 3643 668 3682 nr
690 3642 763 3684 enno
784 3644 855 3686 xrnr.

296 3885 299 3892 ,
367 3855 495 3908 INCIPIT
512 3856 557 3906 uu
577 3854 670 3909 Anno
690 3856 963 3919 Qumuonucruo,

387 3978 522 4045 (Kalendls
540 3983 648 4040 martiis,
668 3993 737 4032 anno
755 3980 946 4048 nccxxvfl.)

482 4103 673 4168 VOLUMEN
696 4103 843 4168 NONUM.

217 4227 281 4285 June
301 4230 372 4284 enlm
392 4237 449 4285 oeto
469 4232 571 4286 eiciens
590 4231 639 4286 illo
658 4233 689 4286 e'n
709 4233 799 4287 antico
818 4230 911 4288 Edt'cta'
931 4249 1040 4304 corpore
1066 4253 1190 4294 enemen-

139 4333 198 4382 tare
224 4329 411 4396 prendente,
444 4344 511 4397 quae
541 4331 672 4385 credirnoe
701 4328 758 4384 Deo
780 4337 803 4385 et
823 4330 900 4386 bonis
920 4332 1071 4391 hominibus
1088 4337 1190 4407 placita

139 4438 203 4480 erre.
242 4423 326 4482 Modo
347 4427 455 4497 quidem
475 4444 531 4483 uno
551 4444 610 4484 enm
629 4429 728 4484 nostris
743 4430 882 4500 jndicibus
903 4437 928 4485 et
947 4430 1058 4501 reliquia
1079 4431 1188 4505 Lenon-

140 4523 233 4579 bordis
251 4525 373 4594 fidelibus
392 4525 506 4594 nostris,
529 4525 592 4582 dioc
612 4522 789 4584 taenearum
807 4530 995 4598 mansurent
1013 4545 1103 4602 anno,
1132 4529 1189 4589 Deo
