3172 5228
487 525 630 572 aurosum
649 525 715 574 aar.
731 521 880 571 osterna.
1146 510 1221 580 ,etl

160 675 256 746 ticam,
270 683 355 750 atque
365 675 463 748 aldias,
478 685 525 736 aut
535 674 662 747 ancillas,
672 683 771 736 manus
784 682 831 733 aut
845 675 924 749 pedis
937 677 983 732 vel
993 678 1118 750 quelerit
1134 695 1222 736 mem·
1231 674 1273 712 ’ἱ

160 775 241 830 brum
265 776 314 848 qui
331 777 456 848 plagatus
477 782 525 837 aut
541 791 686 848 percussus
708 781 751 832 cst
763 775 912 832 sideratum
927 775 1019 844 luerit,
1039 780 1067 838 et
1081 795 1138 835 non
1160 795 1222 850 per·
1245 781 1263 825 δ

160 874 323 943 excusserit,
345 861 428 932 simili
443 875 527 932 ruodo
546 880 722 947 conponatur
732 880 872 946 tamquam
888 873 912 932 si
924 890 988 930 eum
1001 855 1219 947 perexcussissit.

238 973 317 1030 lar.
360 971 466 1030 Omnes
492 989 557 1029 vero
583 973 680 1046 plagas
705 978 753 1028 aut
773 971 866 1028 feritas
888 978 944 1030 tam
972 973 1006 1031 de
1027 975 1118 1032 aldius
1137 991 1221 1048 quam

159 1075 187 1126 et
216 1070 250 1126 de
278 1085 371 1126 servus
392 1069 588 1127 ministeriales
609 1087 658 1128 seu
689 1071 761 1128 servi
782 1071 917 1142 rustigani
947 1078 1029 1144 atque
1060 1075 1155 1156 aldius¹
1175 1081 1222 1132 aut

160 1173 291 1238 ancillas,
315 1189 369 1246 que
391 1174 464 1230 inter
486 1181 701 1244 ammoneret,
733 1191 782 1246 per
811 1175 865 1231 boe
886 1174 977 1237 tinore
1004 1172 1075 1230 sicut
1095 1173 1222 1246 superius

159 1271 292 1343 scriptum
313 1278 353 1328 est
373 1272 496 1328 liniatur.
542 1271 572 1328 Si
602 1279 694 1328 autem
722 1273 824 1328 exinde
853 1272 960 1345 aliquas
991 1271 1121 1330 dubietas
1139 1271 1222 1330 suerit
1390 1347 1391 1356 ἵ

161 1370 238 1441 quod
259 1371 376 1426 eradere
398 1376 444 1427 aut
465 1369 545 1426 citius
559 1386 656 1426 sanare
678 1381 735 1426 non
753 1370 853 1442 possit,
876 1377 943 1429 tunc
959 1369 1136 1427 medietatem
1157 1386 1221 1444 pre·
1331 1423 1336 1434 „

160 1468 190 1523 tii
213 1467 247 1524 de
269 1470 350 1541 plaga
372 1469 449 1541 quod
469 1452 600 1524 arbitrale
620 1467 706 1524 luerit
724 1468 853 1542 dominus
868 1451 1003 1542 accipiat:
1027 1469 1135 1541 reliqua
1155 1485 1221 1526 vero

159 1566 294 1623 medietas
315 1567 508 1639 suspendatur,
532 1566 599 1624 dum
621 1581 708 1638 usque
729 1567 908 1636 cognuscitur
934 1566 956 1622 si
978 1565 1050 1623 intra
1071 1567 1137 1626 anni
1159 1583 1220 1640 spa-

158 1665 228 1720 tium
249 1671 339 1738 potest
360 1665 394 1721 de
415 1665 483 1738 ipsis
505 1664 593 1737 plagis
613 1665 739 1720 evadere.
779 1665 809 1721 Si
832 1665 960 1733 evaserit,
984 1666 1060 1737 quod
1083 1665 1220 1737 reliquum

160 1771 201 1819 est
229 1765 409 1835 conpleatur:
440 1764 462 1818 ai
486 1771 578 1819 autem
610 1764 644 1819 de
673 1763 746 1836 ipsas
777 1764 872 1836 plagas
900 1770 1024 1820 mortuos
1045 1763 1129 1820 luerit
1148 1764 1221 1821 iutra

159 1860 226 1916 anni
247 1861 383 1933 spatium,
407 1861 476 1916 sicut
498 1862 594 1918 subter
613 1862 753 1918 adnexum
772 1868 816 1918 est
834 1862 875 1941 ita
895 1862 1010 1918 domiuo
1032 1869 1219 1934 conponatur,

159 1966 187 2014 et
217 1975 272 2032 que
299 1975 350 2031 pro
372 1960 483 2031 plagam
504 1966 647 2034 acceptum
676 1966 718 2016 est
743 1959 773 2016 in
802 1960 863 2034 ipsa
884 1975 991 2016 summa
1012 1959 1221 2032 conpositiones

131 2057 133 2061 '
158 2057 261 2113 mortui
282 2064 434 2130 repetetur.
1017 2111 1026 2118 .

237 2157 321 2213 128.
362 2156 416 2225 (De
444 2174 473 2212 eo
501 2157 548 2226 qut
574 2155 671 2226 plagas
694 2151 812 2226 secuit.)
854 2154 908 2222 Qui
930 2157 1024 2227 plagas
1045 2155 1142 2213 iecerit
1162 2155 1221 2228 ipse

1243 1841 1329 1896 μ

159 2241 406 2326 querat'medicoz
436 2261 464 2308 et
492 2252 515 2308 si
538 2251 705 2321 neclexerit,
739 2258 806 2308 tunc
827 2251 875 2307 ille
897 2251 945 2324 qui
967 2253 1093 2324 plagatus
1114 2262 1154 2310 est
1175 2260 1223 2310 aut
1240 2253 1268 2300 Ὀ

159 2351 288 2410 domiuus
315 2352 373 2424 ejus
399 2350 525 2409 inveniat
545 2335 695 2409 medicum.
737 2351 773 2406 Et
802 2349 850 2406 ille
871 2349 919 2422 qui
941 2359 1023 2422 caput
1044 2352 1148 2423 rumpit
1176 2359 1222 2408 aut

157 2452 357 2522 suprascriptas
380 2451 474 2522 plagas
495 2449 577 2525 fecit,¹
606 2455 635 2505 et
656 2465 755 2521 operas
778 2447 891 2517 reddat,
915 2454 942 2504 et
963 2449 1100 2506 mercedis
1121 2451 1221 2506 medici

159 2551 306 2620 persolvat,
330 2556 464 2621 quantum
485 2565 535 2621 per
556 2548 654 2604 doctus
675 2547 804 2604 homenis
826 2547 988 2604 arbitratum
1011 2546 1101 2606 tuerit.

239 2649 324 2705 m.
346 2644 401 2718 (De
422 2649 496 2702 aldio
517 2644 627 2720 occiso.)
662 2640 700 2702 'Si
722 2646 783 2719 quis
805 2644 911 2702 aldium
931 2647 1054 2703 alienum
1076 2645 1220 2716 occiderit,

160 2751 302 2817 conponat
322 2745 435 2801 solidos·
447 2751 606 2817 sexagenta.
1097 2759 1098 2764 ’

240 2845 325 2902 lau.
348 2841 400 2917 (De
419 2859 493 2898 anuo
510 2844 688 2899 ministeriale
708 2838 814 2915 occiso.)
837 2841 866 2898 Si
888 2841 951 2914 quis
971 2859 1080 2900 servum
1101 2843 1223 2901 alienum

160 2939 369 2997 ministerialem
391 2941 538 3014 probatum
559 2947 589 2996 ut
609 2940 692 2997 subra
714 2947 760 2996 aut
780 2939 894 2996 doctum
916 2940 1059 3006 occiserit,
1083 2947 1224 3013 conponat

160 3039 264 3095 solidos
285 3039 503 3112 quinquagenta.
622 3040 626 3045 ’
864 3105 868 3119 ,

238 3141 317 3196 181.
361 3139 401 3194 lle
422 3137 477 3194 alio
499 3153 564 3193 vero
586 3134 766 3192 ministeriale
787 3133 838 3208 qui
859 3135 996 3192 secundus
1024 3133 1050 3190 ci
1071 3133 1221 3203 invenitur,

160 3241 253 3292 tamen
274 3253 377 3292 nomeu
399 3235 610 3293 ministerialem
630 3234 749 3305 habeat,
779 3233 886 3306 siquis
908 3232 1059 3304 acciderit,
1083 3237 1224 3305 conponat
1307 3309 1309 3314 Ι

103 3405 105 3410 ,
160 3333 265 3390 solidos
286 3334 382 3406 viginti
403 3342 431 3392 et
452 3335 586 3409 quinque.

241 3433 323 3489 lae.
346 3429 398 3504 (Dc
425 3451 502 3490 ecroo
527 3434 661 3490 massario
681 3428 789 3504 oculeo.)
831 3427 945 3503 Siquis
972 3445 1081 3487 serrum
1101 3428 1224 3487 alienum

163 3525 326 3586 massarium
348 3529 485 3603 occiserit,
510 3536 652 3602 conponat
671 3528 777 3586 solidos
796 3527 904 3600 viginti.
1036 3580 1040 3587 ,
1252 3528 1286 3572 *η
1385 3555 1388 3568 «

241 3631 324 3686 188.
347 3624 399 3702 (De
419 3630 528 3684 booclco
548 3627 653 3702 occiso.)
696 3627 726 3684 si
749 3627 810 3700 qais
832 3642 940 3684 servum
960 3626 1085 3683 alienum
1105 3626 1225 3683 bovulco
1256 3590 1277 3648 ι’
1385 3642 1387 3647 ’

163 3727 198 3783 de
220 3728 277 3783 sala
300 3726 448 3796 occiderit,
467 3731 609 3797 conponat
628 3725 740 3781 soledus
761 3723 870 3796 viginti.

239 3827 323 3882 134.
345 3823 397 3896 (Dc
425 3841 501 3880 servo
529 3826 671 3895 scotigena
698 3825 745 3894 qui
773 3826 821 3880 aab
848 3825 982 3879 massario
1009 3819 1069 3896 est.)
1111 3821 1225 3894 Siquis

161 3938 270 3982 serrum
291 3923 414 3981 alienum
436 3921 678 3994 rustiganum.qui
699 3922 750 3978 sub
772 3921 904 3978 massario
926 3928 969 3976 est
989 3919 1135 3988 occiserit,
1158 3935 1226 3976 oon·
1250 3922 1291 3956 m

161 4030 249 4096 ponat
267 4022 373 4080 solidos
394 4021 531 4080 sederem.

242 4121 325 4179 tea.
354 4118 406 4190 (De
436 4129 556 4192 portoras
581 4121 723 4190 porcariae
747 4113 871 4188 acures.)
915 4115 946 4172 Si
977 4113 1040 4188 quis
1067 4114 1226 4188 porcarium

162 4219 284 4276 alienum
306 4219 444 4288 occiserit,
467 4227 635 4290 magestrum
656 4225 748 4274 tamen
770 4215 859 4284 illam,
883 4215 932 4287 qui
953 4214 1003 4271 sub
1024 4229 1054 4270 se
1075 4213 1227 4286 discipulus
1254 4207 1287 4300 Ψ

162 4317 238 4373 havit
259 4317 314 4372 duo
336 4323 383 4372 aut
404 4324 458 4372 tres
479 4326 526 4374 aut
548 4316 684 4390 amplius,
708 4323 852 4389 conponat
871 4312 977 4379 solidos
999 4313 1224 4386 quinquagenta3

163 4415 198 4470 de
219 4414 360 4471 interioris
381 4420 474 4470 autem
495 4415 636 4489 porcarius
657 4413 679 4470 si
709 4413 771 4486 quis
793 4411 937 4479 occiderit,
960 4417 1102 4485 conponat
1121 4411 1227 4468 solidos

143 4513 267 4594 ¹,vigenti
288 4517 316 4570 et
337 4511 474 4586 quinque.
579 4541 581 4548 ·
618 4529 621 4536 ¹

991 4607 1011 4664 2
