3170 5218
297 479 298 482 Ἴ
393 501 435 562 ild
590 491 607 520 ³
776 517 960 562 ereremum
983 515 1074 562 neers

393 671 534 742 elegenter
554 670 614 727 sine
634 669 774 724 volontate
790 675 938 741 parentum
953 684 1069 724 suorum
1089 667 1124 723 ad
1139 666 1270 724 maritum
1285 665 1443 734 ambulavit,

394 787 445 826 nec
466 768 518 824 luit
538 769 586 842 qui
605 765 740 840 justitiam
761 766 821 839 ejus
842 765 1010 839 exquireret.

473 901 561 976 (XII.)
592 901 671 958 llis.
700 899 730 956 Si
752 900 814 973 quis
836 900 991 972 possederit
1012 900 1216 973 qualiscunque
1237 915 1295 955 rem
1317 897 1447 953 movilem

393 1008 441 1057 aut
461 1000 623 1057 inmovilem
645 1015 694 1069 per
714 1000 847 1054 cartolam
870 999 981 1064 l'alsam,
1014 1005 1042 1054 et
1063 999 1245 1070 adprovatum
1266 997 1349 1052 luerit
1369 995 1447 1068 quod

393 1115 443 1170 per
463 1097 522 1172 ipso
543 1098 667 1154 monime
685 1096 784 1154 salsum
799 1112 858 1152 rem
875 1095 963 1168 ipsam
977 1097 1143 1168 possederit,
1163 1111 1219 1151 non
1238 1111 1302 1152 eum
1318 1094 1449 1150 defendat

392 1196 529 1269 possessio
551 1212 621 1261 sna,
645 1195 699 1251 hoc
719 1200 761 1250 est
781 1209 835 1250 xxx
857 1211 1016 1262 annorum,
1046 1189 1097 1250 nec
1119 1192 1248 1250 excludat
1268 1193 1347 1249 illum
1368 1192 1449 1263 cujus

391 1310 434 1348 res
454 1294 564 1364 legibus
585 1292 653 1360 fuit,
681 1292 728 1348 sed
751 1293 857 1347 amittat
878 1293 965 1365 ipsam
987 1309 1046 1348 rem
1067 1307 1152 1364 quam
1173 1307 1223 1362 per
1244 1292 1376 1346 cartolam
1398 1290 1449 1347 ial-

391 1407 450 1447 sam
470 1390 609 1463 possidet,
638 1389 661 1445 si
683 1396 793 1457 tamen,
818 1397 848 1444 ut
865 1389 1000 1460 diximus,
1024 1390 1206 1462 adprovatum
1228 1388 1327 1458 luerit,
1350 1395 1378 1443 et
1398 1389 1446 1444 ille

392 1487 480 1562 ipsam
502 1487 633 1560 recipiat,
656 1488 702 1543 eui
722 1495 802 1544 antea
823 1504 873 1560 per
893 1489 984 1560 legem
1007 1480 1146 1560 pertinere
1168 1487 1310 1544 debuerat.

393 1683 396 1688 ι
433 1709 436 1715 ,
472 1645 577 1721 (XIII.)
606 1649 688 1706 116.
711 1646 740 1703 Si
763 1647 826 1720 quis
846 1647 1059 1704 commutaverit
1079 1654 1180 1704 terram
1201 1653 1249 1703 aut
1269 1653 1378 1720 pratum
1403 1649 1448 1704 vel

392 1747 507 1815 silvam,
530 1751 559 1801 et
578 1745 648 1802 inibi
669 1744 854 1814 laboraverit,
878 1753 905 1802 et
925 1744 1085 1803 aedificium
1106 1745 1221 1813 lecerit,
1254 1753 1302 1801 aut
1320 1749 1449 1804 clausura

367 1858 369 1862 ’
393 1850 441 1901 aut
460 1844 541 1900 vinee
562 1843 704 1915 posuerit,
726 1849 754 1898 et
774 1849 871 1916 postea
891 1845 1044 1900 surrexerit
1063 1844 1159 1900 tertius
1179 1845 1264 1900 homo
1286 1845 1335 1918 qui
1356 1845 1448 1918 ipsum

392 1943 486 1998 lecum
508 1958 590 1998 suum
610 1941 700 2010 iaciat,
724 1947 752 1996 et
767 1957 831 2020 eum
852 1942 900 1997 ille
921 1942 970 2014 qui
986 1941 1063 1998 dedit
1077 1940 1227 1998 defendere
1238 1959 1296 1998 non
1312 1944 1446 2016 potuerit,

391 2037 507 2112 recipiet
528 2056 586 2096 rem
608 2055 686 2096 suam
699 2055 784 2112 quam
804 2039 898 2103 dedite
921 2047 949 2096 et
968 2039 1083 2112 insuper
1098 2040 1145 2097 ille
1165 2041 1213 2113 qui
1232 2041 1319 2110 dedit,
1343 2048 1371 2097 et
1390 2057 1450 2097 me·

390 2139 465 2196 nime
487 2140 559 2210 potit
580 2138 742 2222 defendere,
767 2137 859 2210 ipsum
881 2138 1015 2194 damnum
1037 2137 1063 2193 ei
1083 2139 1218 2209 restituat,
1242 2145 1379 2212 quantum
1400 2140 1449 2194 ad·

388 2239 522 2312 pretiatus
543 2237 627 2294 luerit
648 2237 724 2310 quod
746 2237 851 2294 ibidem
872 2242 967 2309 postea
988 2237 1123 2294 laboravit
1144 2239 1186 2293 vel
1207 2236 1354 2293 edificavit.
1391 2213 1449 2292 S'ed

389 2345 417 2393 et
437 2337 472 2392 de
486 2336 713 2409 conparationem
726 2336 872 2392 statuimus
893 2336 965 2394 sicul
985 2335 1020 2390 de
1038 2336 1295 2394 cummutationem.
1316 2337 1379 2392 Hoc
1400 2351 1451 2390 an-

390 2440 444 2490 tem
466 2433 501 2490 de
522 2434 565 2490 bie
592 2434 683 2491 causis
711 2434 850 2499 dicimus,
882 2434 957 2490 unde
977 2435 1118 2490 cartolam
1148 2433 1373 2490 commutationis
1401 2438 1450 2488 aut

390 2531 551 2589 vinditionis
581 2532 710 2588 homenis
739 2531 812 2588 inter
841 2547 870 2587 se
892 2548 949 2588 non
971 2531 1094 2596 iaciunt;
1126 2548 1191 2588 nam
1219 2531 1294 2586 unde
1315 2531 1449 2587 cartolam

390 2629 496 2686 iaciunt
525 2635 554 2684 et-
580 2631 788 2699 ostenduntur,
828 2629 868 2686 sic
898 2630 995 2686 deveat
1023 2644 1083 2685 esse
1113 2629 1184 2685 sicut
1213 2628 1243 2684 in
1271 2627 1330 2702 ipsa
1358 2633 1450 2685 cario·

390 2729 445 2784 lam
466 2726 577 2796 legitur.

720 2853 861 2923 *uxntlctt'
882 2859 918 2898 utu
940 2859 1014 2900 ᾸΝΝΟ
1036 2859 1105 2900 Xl'll.
1200 2887 1202 2890 -

578 3121 585 3132 ‘
625 3141 753 3194 murm
781 3143 825 3193 nn
855 3142 951 3194 nuno
975 3142 1212 3196 nononnumo.

647 3283 779 3352 (Kalendis
799 3291 906 3373 martiis,
928 3241 1189 3354 anno-DCCXXXI).

675 3426 868 3500 VOLUMEN
891 3427 1184 3492 uuuuuutmum·

413 3631 416 3636 ·
470 3587 678 3660 Superstitiosoe
699 3596 723 3645 et
742 3606 830 3645 cunae
847 3592 1027 3646 contentiones
1045 3594 1154 3648 assidue
1172 3599 1293 3648 nostrum
1309 3593 1450 3664 inponere

392 3689 556 3748 clementium
574 3703 631 3742 ooo
651 3695 763 3758 omioni.
793 3687 829 3742 Et
851 3690 914 3749 dom
936 3691 1152 3746 cirenensium
1172 3692 1332 3746 intentiones
1351 3693 1450 3761 inpro-

391 3787 485 3842 borum
504 3791 593 3840 noster
613 3786 758 3846 intenderit
779 3787 895 3852 coimus,
920 3788 1049 3856 quicquid
1064 3781 1146 3843 'nodie
1165 3805 1225 3844 eum
1244 3791 1345 3844 nostris
1366 3789 1449 3859 judi·

391 3885 464 3942 cioca
492 3869 533 3938 uel
556 3883 667 3952 reliquis
688 3880 877 3953 Loopodordie
906 3892 980 3940 recto
1000 3893 1215 3955 cooperuerunt,
1248 3888 1316 3943 riead
1336 3901 1365 3942 xv
1385 3888 1450 3957 jam

390 3983 493 4036 uiuidus
513 3997 531 4036 o
550 3981 628 4035 uobis
648 3981 705 4034 aiio
725 3986 826 4036 statuto
846 3988 930 4048 suot,
961 3984 1002 4038 ito
1028 3989 1052 4037 et
1072 3999 1144 4038 uuae
1169 3984 1202 4037 io
1220 3991 1339 4053 presente
1358 3999 1448 4038 oeno-

393 4081 493 4134 decimo
514 4094 587 4134 oooo
608 4079 686 4149 repoi
705 4080 811 4145 nostri,
836 4080 880 4133 die
900 4079 1077 4136 loleodcrum
1096 4083 1275 4149 martiorum,
1298 4084 1450 4138 indictione

390 4177 602 4248 quartodecimo,
627 4177 748 4231 decidere
768 4183 793 4232 et
813 4178 971 4246 confirmare
998 4178 1127 4247 inhujus
1147 4177 1240 4234 Edieii
1257 4181 1363 4249 popina
1382 4196 1449 4250 pre·

389 4276 528 4337 uidimues
557 4279 587 4328 ut
610 4274 635 4329 ei
661 4275 758 4329 amodo
786 4275 819 4328 de
847 4275 888 4329 die
908 4275 1119 4346 capitolie'quoe
1138 4277 1228 4332 scotor
1254 4279 1365 4333 aunem
1384 4283 1450 4332 suot

391 4373 484 4442 aliquo
503 4371 617 4428 immoto
640 4372 801 4439 admouet-it,
830 4374 898 4430 meet
917 4374 1059 4431 statuimus
1085 4373 1127 4428 ito
1145 4375 1278 4444 ficiuntur
1297 4382 1378 4446 otpoe
1398 4377 1449 4430 de-

392 4467 576 4530 temtamina.
