3170 5218
332 523 456 585 ‚ll

414 702 564 766 extructis
588 701 620 763 in
646 697 769 780 oppidis
794 699 888 760 bruris
907 698 1112 760 exterioribus
1137 717 1176 760 ex
1200 697 1350 760 lateribus
1375 696 1424 758 vel

416 817 518 888 saxis,
552 815 634 876 intus
664 811 804 875 dividunt
838 830 893 892 per
924 811 1076 886 tabulata,
1114 810 1145 870 in
1177 810 1264 891 pagis
1295 829 1370 875 vero
1393 818 1425 872 et

415 947 487 992 rure
511 925 692 1007 saepissime
723 924 827 986 omnia
860 922 964 1006 lignea
986 931 1067 988 sunt.
1115 924 1179 985 Neo
1204 933 1310 986 carent
1333 923 1422 986 oodd.

416 1041 552 1103 ferentes
584 1049 725 1118 elopem
755 1057 818 1097 euro
847 1039 935 1115 ollipo
956 1039 1069 1116 serm,
1108 1037 1162 1097 ubi
1194 1035 1279 1098 nulla
1312 1055 1423 1102 vocum

421 1151 615 1234 significatio.
670 1149 788 1212 Gallico
816 1168 891 1210 vero
921 1149 1009 1230 operi
1043 1148 1234 1230 respondent
1267 1167 1345 1229 opus
1374 1167 1425 1209 ro-

415 1266 594 1344 rnaniense,
627 1264 667 1325 de
695 1281 758 1343 quo
788 1261 936 1334 inferius,
973 1249 1052 1341 opus
1083 1261 1298 1324 saracenioum
1330 1261 1424 1342 paulo
1505 1257 1508 1263 ’

417 1387 488 1460 post
513 1377 668 1458 temporis
701 1374 859 1456 vulgatum
891 1374 972 1455 apud
1002 1372 1164 1436 inferiores
1194 1373 1304 1442 ltalos,
1347 1393 1424 1454 opus

415 1491 570 1574 signinum
594 1489 709 1552 iamdiu
733 1487 879 1550 Romanis
903 1493 1027 1553 notum.
1060 1503 1183 1550 neonon
1207 1492 1238 1548 et
1261 1486 1321 1548 alia
1344 1505 1423 1567 quae

416 1621 530 1664 nomen
563 1621 581 1663 a
609 1601 753 1683 gentibus
784 1600 836 1662 rel
867 1599 989 1680 oppidis
1018 1607 1215 1680 acceperunt.
1262 1596 1420 1660 Artificum

417 1735 492 1778 vero
516 1713 704 1795 stipendium
728 1713 816 1775 alteri
841 1732 881 1774 ex
905 1711 1063 1774 oodioibus
1094 1711 1197 1774 ierunt
1218 1710 1311 1773 unius
1332 1708 1423 1772 solidi

416 1848 474 1910 pro
489 1826 620 1909 pedibus
635 1845 655 1886 n
678 1827 732 1900 (de
750 1823 917 1906 superfiuis
934 1842 1058 1906 semper
1078 1823 1258 1887 babendum
1276 1823 1350 1906 est),
1375 1824 1420 1886 al-

361 1968 364 1976 ,
417 1939 474 2003 teri
489 1938 573 2000 idem
583 1937 727 2000 obierunt
739 1937 872 2018 pretium
887 1955 943 2017 pro
955 1956 1020 1999 uu:
1041 1935 1124 1998 bane
1136 1935 1229 2018 igitur
1242 1935 1420 2008 lectionem,

414 2051 525 2114 rationi
549 2050 646 2132 magis
669 2058 929 2116 consentaneam.
966 2048 1159 2131 accepimus,
1196 2050 1326 2112 alterans
1350 2049 1422 2112 reii-

414 2165 523 2238 ssimae,
550 2164 666 2245 quippe
691 2182 771 2244 quae
795 2162 966 2243 pretiorum
997 2162 1190 2243 proportioni
1213 2161 1297 2224 baud
1320 2181 1421 2243 aeque

414 2277 611 2358 respondeat.
660 2275 873 2340 liubitavimus
905 2275 1017 2348 etiam,
1054 2283 1157 2338 utrum
1186 2274 1421 2356 intelligendum

415 2396 498 2451 esset
519 2389 560 2451 de
583 2407 679 2469 opere
702 2386 858 2450 formaeoo
882 2386 992 2465 (Gallis
1012 2390 1085 2468 piot,
1117 2387 1201 2450 ltalis
1224 2385 1355 2449 sortasse
1373 2388 1421 2465 pi-

414 2504 508 2580 pioto,
549 2501 633 2563 idern
671 2500 826 2587 referente
856 2498 948 2582 roua)
982 2501 1022 2563 de
1053 2520 1116 2583 quo
1148 2500 1273 2562 abunde
1306 2499 1422 2560 Plinius
1557 2555 1558 2562 ,

415 2611 508 2692 (trist.
533 2623 595 2679 nat.
620 2612 749 2678 XXXV.
775 2612 827 2678 l8.
855 2611 906 2678 il.
931 2613 968 2676 oi.
1003 2614 1098 2676 wem
1120 2613 1292 2678 Palladium
1308 2617 1337 2678 L
1362 2612 1419 2697 at)

416 2725 532 2787 iamdiu
558 2725 593 2786 in
622 2723 726 2786 Africa
757 2733 789 2787 et
815 2725 966 2806 Hispania
996 2726 1258 2809 vulgatissimum,
1296 2747 1431 2814 quoque·

415 2844 520 2900 nostra
544 2836 637 2900 etiam
661 2844 761 2900 aetate
776 2856 975 2919 magnopere
998 2846 1125 2902 utuntur
1148 2839 1249 2913 Galli,
1281 2839 1368 2902 Sardi
1392 2849 1423 2902 et

412 2950 494 3012 inter
522 2948 707 3030 Subalpinos
739 2949 833 3012 Italos
864 2950 1034 3032 praeeipue
1062 2951 1265 3014 Alexandrini
1295 2950 1418 3012 rustici:

414 3059 474 3124 boe
498 3081 575 3143 opus
596 3081 669 3123 vero
689 3061 855 3124 sollicitum
872 3081 958 3136 sane,
985 3064 1040 3125 sed
1060 3063 1167 3126 habita
1191 3065 1282 3146 pretii
1303 3065 1422 3128 ratione

417 3181 563 3235 anostra
587 3173 656 3255 lege
680 3173 781 3246 relati,
815 3174 942 3255 plenum
974 3175 1101 3257 quidem
1131 3177 1246 3241 laboris
1275 3178 1423 3260 quodque

415 3305 479 3346 non
501 3285 568 3346 sino
591 3286 695 3349 rnnltis
719 3287 904 3368 comparatis
935 3287 1161 3369 perficiendum
1191 3299 1249 3364 est,
1283 3289 1423 3351 reotibu

416 3396 535 3460 scilieet
558 3405 592 3460 et
615 3397 766 3460 maobinis
789 3406 822 3460 st
844 3399 1001 3461 asseribus
1023 3401 1064 3462 ad
1087 3401 1284 3464 instruendas
1298 3381 1423 3467 ioraras.

415 3507 484 3582 Qua
507 3509 545 3570 de
569 3528 661 3571 eausa
685 3509 760 3572 mibi
783 3509 931 3572 iudioium
954 3511 1013 3574 erit
1036 3532 1116 3594 opus
1138 3512 1425 3596 gallicum-intelli·
1554 3517 1555 3520 ’

415 3619 550 3701 gendum
573 3640 727 3684 essenon
750 3624 792 3685 de
811 3622 980 3698 furmaoeo,
1006 3625 1063 3688 sed
1086 3625 1126 3688 de
1144 3625 1423 3708 tabulatolipneo.

414 3729 616 3795 Conseruntur
639 3734 733 3797 etiarn
756 3741 785 3808 9.
804 3735 884 3798 CLX
907 3745 938 3800 et
960 3737 1176 3802 adnotationes
1199 3747 1336 3813 nostrae,
1363 3739 1419 3802 ubi

417 3843 577 3907 evidenter
608 3845 756 3928 liquebit,
788 3848 933 3930 gallicum
957 3869 1035 3931 opus
1058 3847 1198 3934 lignenm
1220 3850 1329 3926 inisse,
1355 3851 1423 3915 sive

417 3975 458 4018 ex
481 3957 634 4020 asseribus
658 3959 707 4020 vel
733 3960 851 4041 magnis
874 3961 924 4022 vel
946 3962 1049 4042 porris
1073 3973 1241 4029 domasse.

502 4069 545 4130 m
566 4071 592 4129 si
613 4089 713 4130 areum
733 4074 859 4141 ootrsrit,
889 4076 975 4152 podes
1000 4077 1150 4138 duodecim
1170 4079 1260 4138 eadat
1280 4079 1312 4138 in
1334 4079 1425 4138 solido

419 4197 486 4241 uno.
526 4181 680 4245 Incertum
704 4183 870 4249 admodum
894 4195 951 4262 est,
977 4189 1165 4270 geometrice
1189 4180 1359 4271 loquendo,
1386 4190 1426 4250 de
1552 4215 1553 4218 ¹

420 4309 482 4371 quo
505 4293 585 4373 pede
608 4302 680 4376 agat
702 4296 770 4359 lox:
801 4298 888 4378 perlis
923 4299 1024 4363 oubioi
1053 4321 1222 4384 numquam
1252 4301 1369 4366 mentio
1392 4300 1427 4363 iit
