3172 5228
536 481 673 528 sarem
696 482 762 531 car.
788 478 845 520 a-
859 478 893 522 rc.
1218 463 1238 523 7

180 635 316 694 accusavit
337 642 365 691 et
384 635 504 707 prohare
526 650 584 690 non
606 633 708 707 poterit
727 633 868 706 widrigild
889 649 940 692 suo
960 637 1112 710 conponat,
1133 629 1239 689 medie-

180 741 264 790 talem
285 733 356 804 regi,
379 740 408 790 et
427 732 605 788 medietatem
627 731 671 788 cui
692 730 798 788 crimen
819 732 953 804 injectum
974 731 1066 788 luerit.

258 835 321 890 1⁰.
364 831 394 888 Si
415 831 477 904 quis
498 831 583 886 homo
605 829 677 885 liher
696 829 725 884 in
748 829 862 886 alterius
882 837 971 886 morte
992 826 1188 896 consiliaverit,
1212 832 1239 882 et

181 947 215 988 ex
235 931 297 1004 ipso
317 929 435 986 consilio
457 935 581 985 mortuos
604 909 660 983 non
683 927 781 999 luerit,
813 935 878 984 tunc
905 927 966 1001 ipse
991 925 1153 984 consiliator
1173 940 1241 981 con·

180 1036 268 1103 ponat
288 1027 399 1084 soledus
421 1026 533 1097 vigenti.

259 1106 314 1182 11.
338 1122 636 1196 (Deconaiiiomortis.)
668 1123 698 1180 Si
712 1123 839 1186 homenis
854 1121 936 1180 liheri
956 1123 1030 1180 inter
1050 1137 1080 1179 se
1100 1123 1130 1178 in
1151 1129 1241 1178 morie

181 1225 294 1280 alterius
316 1223 503 1280 consiliaverit
530 1221 591 1278 sine
620 1221 693 1291 regis
712 1221 876 1287 consilium,
910 1229 937 1276 et
962 1237 997 1278 ex
1023 1220 1084 1294 ipso
1111 1227 1242 1276 tractatos

181 1329 305 1378 mortuos
327 1337 385 1376 nou
408 1319 506 1389 luerit,
539 1327 682 1392 conponat
707 1320 898 1394 unusquisque
924 1320 1035 1376 soledos
1063 1317 1184 1388 vigentia
1214 1323 1242 1372 et

181 1420 203 1477 si
226 1437 259 1475 ex
279 1419 341 1492 ipso
363 1417 510 1474 consilium
531 1424 655 1474 mortuos
676 1417 778 1482 luerit,
811 1425 877 1473 tunc
897 1417 945 1474 iile
973 1417 1021 1490 qui
1042 1414 1181 1472 homicida
1202 1420 1244 1469 est

120 1582 126 1592 ἱ
181 1524 324 1591 conponat
342 1518 432 1590 ipsum
448 1523 589 1572 mortuum
606 1516 676 1572 sicut
690 1516 884 1589 adpraeciatus
895 1515 987 1585 luerit,
1009 1513 1082 1570 idest
1095 1512 1242 1583 widrigild.
1262 1520 1300 1557 «ν

262 1617 320 1671 11.
363 1613 391 1669 si
421 1615 477 1670 duo
503 1621 550 1670 aut
575 1620 631 1670 tres
651 1613 782 1669 homenis
804 1613 861 1669 sive
882 1613 1001 1685 amplius
1025 1611 1105 1669 liberi
1127 1610 1244 1668 humioi-

181 1713 258 1769 dium
280 1711 506 1786 penetraverint,
538 1719 565 1767 et
593 1712 739 1767 voluerent
759 1727 789 1767 se
810 1711 934 1768 adunare
959 1717 990 1766 ut
1018 1710 1047 1767 in
1069 1725 1156 1766 unum
1175 1723 1243 1764 con·
1265 1687 1333 1776 1⁰²

181 1810 379 1885 ponantsicut
399 1809 589 1883 adpreciatum
610 1809 703 1879 luerit,
726 1809 761 1864 sit
781 1807 822 1865 eis
843 1808 985 1865 adunandi
1007 1807 1128 1865 licentia.
1164 1805 1244 1862 Etsi

181 1909 282 1980 aliquis
303 1925 333 1964 se
356 1909 392 1963 de
414 1907 481 1979 ipsis
497 1907 674 1976 subtraxerit,
698 1914 725 1962 et
742 1922 799 1962 non
815 1905 938 1978 potuerit
958 1921 987 1962 se
1005 1905 1153 1979 purificare
1173 1902 1245 1959 sicut
1275 1907 1292 1962 l'

183 2009 227 2063 lex
249 2006 336 2076 hahit,
361 2007 438 2079 quod
460 2021 512 2061 nec
532 2006 613 2078 plaga
634 2021 687 2060 nec
701 2004 782 2060 lerita
802 2003 831 2059 in
855 2004 947 2076 ipsum
964 2003 1107 2060 homiuem
1127 2000 1176 2075 qui
1197 2017 1245 2057 oc-

183 2106 255 2162 cisus
278 2112 318 2160 est
342 2121 398 2160 non
422 2103 540 2170 fecissit,
573 2110 639 2159 tunc
666 2102 701 2158 sii
721 2101 869 2173 culparetis
894 2102 965 2158 sicut
991 2105 1084 2161 etalii
1106 2107 1155 2180 qui
1176 2126 1244 2166 con·

182 2203 291 2276 posuit:
316 2209 343 2258 et
362 2201 385 2257 si
406 2217 435 2257 se
456 2199 652 2275 purificaverit,
676 2198 712 2256 sit
732 2199 874 2256 ahsolutus
896 2216 912 2255 a
932 2216 1005 2272 pena
1024 2201 1178 2265 homicidii.
1212 2209 1241 2265 Si
1275 2197 1280 2204 ’

184 2310 274 2358 tamen
297 2301 326 2356 in
348 2299 466 2356 consilio
489 2297 587 2368 luerit,
620 2303 779 2370 conponat,
811 2305 963 2370 utsupra,
996 2299 1106 2360 soledos
1126 2317 1173 2372 xx,
1196 2313 1244 2362 aot

183 2406 256 2456 certe
278 2399 313 2454 de
329 2397 421 2470 ipsum
441 2396 589 2453 consilium
611 2411 641 2453 ss
661 2395 790 2468 purificet
810 2395 833 2452 si
854 2394 984 2468 potuerit.

262 2499 321 2555 18.
364 2497 393 2552 si
424 2496 485 2569 quis
512 2495 659 2553 dominum
684 2511 765 2552 suum
793 2493 941 2566 occiserit,
973 2497 1064 2568 ipsum
1091 2498 1241 2560 occidatur.

184 2596 215 2653 Si
236 2596 297 2668 quis
326 2595 416 2668 ipsum
445 2595 586 2652 humicida
613 2595 758 2652 deiensare
784 2594 902 2651 voluerit
928 2595 976 2667 qui
998 2594 1142 2654 dominum
1163 2585 1284 2655 suumW

183 2695 336 2763 occiderit,
368 2694 403 2750 sit
423 2694 573 2766 culpavelis
604 2694 715 2750 soledus
747 2692 948 2764 noningintos,
971 2693 1149 2750 medietatem
1169 2697 1239 2768 regi,
1263 2717 1295 2750 m

184 2793 362 2849 medietatem
384 2792 545 2864 parentibus
567 2791 686 2856 mortui;
706 2797 737 2846 et
757 2790 805 2864 qui
826 2789 902 2846 illius
919 2791 1020 2846 mortui
1034 2791 1164 2863 injuriam
1184 2795 1244 2850 vin·

185 2890 334 2946 dicandam
356 2889 535 2960 denegaverit
555 2888 675 2958 solacia,
705 2887 863 2960 siquidem
889 2895 1000 2959 rogatus
1026 2888 1127 2958 luerit,
1159 2888 1266 2948 unus-³

183 2987 302 3060 quisque
323 2993 465 3059 conponat
486 2987 590 3043 solidos
609 2985 839 3059 quinquagentla,
863 2985 1038 3043 medietatem
1052 2987 1124 3058 regi,
1147 2995 1244 3046 etme-
1330 2965 1334 2971 ¹

184 3084 316 3141 dietatem
337 3085 382 3140 cui
406 3084 509 3141 solacia
530 3083 716 3154 denegaverit.

263 3183 323 3238 14.
346 3182 396 3254 (De
415 3180 510 3254 mori.)
554 3181 584 3236 Si
605 3179 667 3253 quis
688 3179 871 3236 homicidium
899 3178 928 3234 in
949 3179 1085 3237 absconso
1115 3177 1282 3255 penetra-t
1322 3163 1346 3186 Μ

185 3279 254 3336 verit
273 3279 302 3335 in
323 3279 437 3335 homine
453 3279 554 3347 lihero,
577 3293 670 3354 servo,
691 3278 734 3334 vel
747 3277 860 3346 ancilla,
883 3284 909 3334 el
931 3293 1000 3333 unus
1018 3277 1101 3336 luerit
1121 3286 1168 3337 aut
1188 3281 1244 3338 duo

185 3387 291 3436 mnium
313 3379 359 3452 qui
381 3380 473 3452 ipsum
494 3377 677 3434 homicidium
698 3376 811 3446 iecerit,
843 3377 1031 3448 noningentos
1051 3378 1157 3434 solidos
1177 3395 1245 3436 con·

185 3484 281 3550 ponat.
325 3477 355 3534 Si
377 3494 441 3534 sero
463 3479 555 3550 plures
577 3475 689 3545 luerint,
714 3475 737 3531 si
752 3475 902 3546 ingenuus,
925 3476 1043 3548 qualiter
1063 3475 1092 3531 in
1109 3485 1293 3548 angarga-‘ac

185 3573 284 3645 thuugi
305 3574 396 3646 ipsum
418 3575 599 3632 homicidium
620 3581 779 3646 conponat3
802 3573 824 3630 si
847 3589 940 3629 servus
961 3579 1008 3629 aut
1028 3572 1153 3640 libertus,
1178 3591 1246 3631 cou-

184 3679 272 3744 ponat
292 3671 383 3745 ipsum
404 3680 433 3729 ut
453 3673 623 3746 adpretiatus
656 3671 748 3730 luerit.
770 3673 807 3728 Et
827 3671 850 3727 si
872 3671 982 3743 expolia
1003 3672 1038 3726 de
1058 3671 1151 3744 ipsum
1170 3683 1282 3730 mor-³-

186 3779 263 3827 tuum
286 3772 388 3841 tolerit,
412 3771 441 3828 id
462 3783 504 3828 esi
524 3770 672 3843 plodrauh,
696 3776 839 3842 conponat
859 3776 1006 3839 octogenta
1026 3769 1141 3828 solidus.
1259 3785 1277 3852 p

265 3868 325 3925 lo.
357 3868 407 3941 (De
427 3868 605 3941 crapacorio.)
650 3868 679 3925 Si
708 3868 771 3940 quis
791 3869 962 3939 sepulturam
987 3868 1116 3923 homenis
1143 3869 1244 3925 mortui

185 3968 301 4039 ruperit,
325 3973 353 4022 et
372 3983 473 4040 corpus
495 3966 677 4039 expoliaverit
697 3972 744 4023 aut
763 3964 831 4022 loris
844 3964 997 4037 jactaverit,
1020 3979 1111 4022 occec
1132 3967 1282 4024 soledus*

186 4063 222 4120 sit
242 4065 391 4137 culpavelis
411 4065 573 4139 parentibus
594 4065 712 4138 sepulti;
745 4070 773 4119 et
801 4063 825 4119 si
846 4063 968 4135 parentis
990 4079 1046 4118 non
1077 4063 1160 4120 luerit
1180 4081 1243 4137 pro·
1264 4064 1285 4095 c

185 4161 270 4230 ximi,
293 4169 359 4220 tunc
379 4164 529 4234 gastaldius
549 4164 623 4234 regis
643 4170 691 4220 aut
710 4161 850 4220 sculdahis
870 4161 992 4234 requiret
1012 4163 1123 4236 culpam
1143 4163 1241 4236 ipsam,
1275 4168 1299 4239 “l

187 4268 216 4318 et
236 4278 251 4317 a
271 4267 349 4318 curte
369 4263 443 4334 regis
463 4270 571 4334 excgat
1261 4248 1283 4290 ἢ·

266 4362 328 4418 16.
351 4360 402 4434 (De
421 4359 622 4434 retrotractus.)
666 4357 696 4415 Si
724 4355 787 4431 quis
813 4357 960 4422 hominem¹
978 4366 1118 4416 mortuum
1143 4357 1172 4415 in
1195 4360 1246 4416 llu-
1266 4352 1289 4388 Ἰ

189 4460 266 4518 mine
292 4467 342 4518 aut
361 4458 429 4516 ioris
449 4459 604 4530 invenerit,
631 4464 660 4516 et
679 4457 861 4532 expoliaverit
877 4464 929 4515 ,aut
949 4457 1017 4516 ioris
1034 4457 1180 4531 J'actaherit
1199 4465 1246 4518 aut
