3172 5228
476 495 615 544 aurorum
638 494 703 542 cur,
718 489 859 564 aarum.
1143 475 1185 540 dd

213 645 305 704 Μ).
327 643 379 718 (De
397 647 532 718 metopio
553 642 678 719 lobreto)
721 644 750 702 Si
778 635 840 718 quis
861 645 1054 719 conparaverit
1082 643 1186 702 manci-

135 744 194 816 pio,
217 750 244 800 et
265 743 505 816 postealebrosns
526 725 573 800 aut
592 743 771 801 demoniosus
792 744 959 817 apparuerit,
982 751 1048 802 tunc
1068 743 1188 800 vindltor

136 844 158 898 si
180 844 302 915 pulsatus
332 842 414 897 tuerit
438 847 547 914 preveat
574 849 779 912 sagramentum
799 841 942 914 singolus,
974 844 1050 916 quod
1071 843 1100 898 in
1120 859 1188 900 con·

134 941 279 998 scientiam
304 939 363 1012 ejus
388 939 422 994 de
451 939 540 1011 ipsam
567 938 757 997 infirmitatem
785 956 842 996 non
870 939 959 1001 luissit
986 942 1098 1014 quando
1124 957 1188 998 cum

135 1025 269 1108 tradedit,
293 1044 320 1093 et
339 1035 458 1109 amplius
478 1053 535 1094 non
556 1037 749 1094 calomnietnr.

214 1137 298 1193 nal.
318 1132 375 1209 (De
395 1136 496 1205 enolto
515 1131 688 1209 conparato.)
715 1135 744 1192 Si
765 1134 828 1208 quis
849 1135 1039 1208 conparaverit
1060 1135 1189 1192 ancillam
1251 1100 1254 1103 Δ
1312 1180 1314 1188 ,

135 1233 264 1303 alienam,
288 1240 316 1289 et
332 1241 428 1305 postea
450 1233 556 1289 venerit
576 1233 646 1288 alter
665 1233 751 1288 horno
773 1233 820 1305 qui
842 1250 903 1290 eam
925 1249 1002 1290 suam
1023 1234 1096 1290 dicat
1116 1249 1186 1302 esse,

134 1338 273 1390 revertant
293 1330 396 1404 pariter
415 1331 450 1386 ad
471 1337 621 1389 auctorem.
644 1331 724 1387 Tunc
745 1338 842 1387 auctor
861 1331 883 1388 si
905 1331 1050 1403 vindigare
1066 1349 1123 1388 non
1140 1347 1190 1404 pob

136 1429 236 1498 tuerit,
268 1434 380 1501 preveat
399 1435 605 1498 sagramentum
627 1429 702 1502 quod
724 1429 852 1485 conscius
874 1446 929 1484 non
953 1429 987 1486 sit
1008 1429 1115 1499 lraudi,
1138 1445 1190 1486 nec

34 1578 37 1585 ,
135 1527 214 1582 nullo
234 1525 370 1582 conludio
388 1524 505 1595 fecissit,
538 1533 567 1584 et
587 1525 685 1583 reddat
709 1526 849 1599 praecium
878 1533 985 1584 tantum
1006 1527 1189 1602 quantumin

136 1625 198 1682 diae
219 1623 267 1682 illa
287 1623 399 1697 quomo
421 1617 482 1682 earn
502 1623 621 1680 tradedit
640 1624 757 1696 accepit,
781 1631 809 1680 et
825 1624 953 1681 ancillam
970 1626 1059 1698 ipsam
1075 1625 1189 1699 proprio

136 1722 252 1779 domino
274 1721 441 1779 restituatur.
465 1720 544 1780 Etsi
565 1721 665 1782 ancilla
686 1721 746 1794 ipsa
767 1729 830 1795 post
851 1730 976 1795 tempore
996 1723 1069 1780 filins
1082 1723 1187 1794 lecerit,

134 1826 201 1876 tnnc
220 1819 267 1876 ille
288 1818 335 1892 qui
356 1835 418 1875 eam
438 1817 670 1890 priusvindedit,
694 1826 722 1875 et
741 1818 882 1876 vindicare
904 1837 961 1876 non
982 1820 1099 1893 poterit,
1123 1837 1190 1894 qua·

135 1919 198 1974 liter
227 1919 279 1978 scit
302 1917 376 1972 filius
405 1916 480 1988 ipsus
500 1932 551 1987 per
570 1932 626 1972 vsno
642 1915 796 1988 'dispendio
816 1918 992 1990 reconparit‚
1022 1925 1050 1975 et
1073 1918 1189 1992 proprio

135 2015 250 2071 domino
261 2014 389 2082 retrudat,
403 2013 532 2086 quatinus
541 2013 591 2070 filii
601 2012 696 2072 matris
707 2021 865 2086 sequantur.
882 2015 918 2072 Et
924 2015 954 2071 sl
960 2023 1056 2072 auctor
1065 2024 1189 2074 mortuos

134 2112 220 2170 luerit
237 2113 298 2168 sine
318 2111 428 2168 heredis
445 2111 601 2180 legerimus,
625 2117 652 2166 et
672 2111 788 2182 tagultas
809 2111 895 2183 ipsius
907 2111 1064 2185 auctoriad
1084 2123 1211 2189 curtemv

134 2210 208 2282 regis
229 2207 376 2278 resederit,
399 2189 478 2264 nulla
494 2207 530 2264 sit
547 2206 686 2279 repetitio,
709 2208 749 2265 sic
770 2213 862 2270 temen
884 2216 915 2265 ut
930 2209 971 2266 dit
985 2205 1188 2282 sagramentum

135 2308 212 2380 qnod
233 2307 267 2364 de
287 2307 379 2380 ipsum
393 2305 573 2378 conparassit,
597 2305 674 2378 cnjus
694 2305 798 2374 resad-
812 2311 916 2364 curtem
926 2305 999 2378 regis
1019 2308 1188 2369 ceciderunt.

215 2408 299 2463 m.
323 2402 375 2479 (lle
395 2404 497 2461 accedo
518 2399 691 2478 cortpcroto.)
731 2402 760 2460 Si
791 2403 853 2477 quis
881 2396 1014 2463 cavallum
1035 2408 1134 2464 emerit
1162 2413 1190 2465 et

134 2508 277 2560 rumorem
297 2502 474 2574 ignoraverit,
498 2508 527 2558 et
539 2499 646 2558 venerit
664 2507 755 2558 certus
777 2502 861 2558 homo
883 2502 930 2574 qui
948 2503 1038 2575 ipsum
1055 2507 1188 2563 cavallum

135 2616 216 2656 suum
237 2599 319 2670 dicat,
342 2605 408 2656 tunc
428 2598 475 2654 ille
496 2598 544 2671 qui
565 2598 641 2666 emit,
662 2597 733 2656 sient
754 2598 894 2663 dixemus.
927 2599 948 2656 si
970 2607 1189 2670 auctorem-non

133 2697 280 2768 habuerit,
313 2700 364 2754 n'ec
392 2696 498 2754 scitde
519 2711 602 2768 quem
628 2696 819 2770 conparassit:
847 2705 959 2770 preveat
988 2705 1190 2759 sacramentum

133 2801 245 2868 emptor
265 2793 329 2868 qnia
350 2810 401 2858 nec
422 2793 470 2850 tur
485 2794 520 2851 sit
540 2810 594 2851 nec
614 2795 714 2864 colliga
727 2794 839 2865 turoni,
863 2797 916 2853 nisi
938 2795 1107 2870 simpleciter
1126 2815 1189 2858 cum

134 2893 225 2966 pretio
256 2909 306 2950 suo
326 2893 516 2966 conpensant
547 2899 575 2949 et
603 2892 718 2965 insuper
747 2893 831 2951 addat
859 2894 889 2951 in
920 2894 980 2965 ipso
1001 2903 1187 2966 sagramento,

134 2989 157 3047 si
180 3006 292 3062 quoquo
314 2997 438 3062 tempore
459 2996 599 3047 auctorem
620 2989 766 3060 invenerit,
790 3007 847 3046 non
869 3007 979 3062 negare.
1022 2993 1101 3050 Tunc
1128 3001 1207 3066 post¹

134 3088 250 3161 prestito
270 3095 474 3159 sagramentum
501 3089 599 3145 reddat
625 3089 777 3159 cavallum,
811 3094 838 3145 et
868 3088 903 3145 sit
931 3088 983 3148 sibi
1006 3096 1188 3164 contemptus.

134 3185 186 3242 Ille
207 3193 297 3243 autem
319 3186 416 3258 quise
438 3185 566 3258 proprius
588 3185 718 3243 dominus
739 3184 806 3242 dicit
826 3201 908 3266 esse,
935 3187 986 3242 sub
1011 3187 1059 3244 tali
1079 3187 1189 3246 titulum

135 3299 206 3340 enm*
220 3285 307 3352 tollat,
331 3291 361 3342 ut
380 3283 402 3340 si
424 3283 567 3356 cognitum
587 3283 669 3341 luerit
690 3283 765 3357 qood
780 3284 883 3344 malum
905 3283 1003 3342 ordine
1017 3285 1187 3358 vindicassit,

135 3387 164 3438 et
184 3382 252 3442 altor
271 3391 362 3438 certus
382 3388 478 3438 auctor
496 3381 604 3441 venerit
631 3380 678 3453 qui
699 3395 780 3437 suum
801 3381 892 3438 lacere
912 3381 1000 3454 possit
1019 3382 1079 3456 ipse
1099 3386 1189 3442 caval·

135 3480 188 3544 lus,
212 3479 264 3537 sibi
286 3495 393 3536 nonum
413 3479 439 3536 ei
459 3479 621 3538 reddentem
971 3523 972 3528 η

216 3581 301 3635 m.
321 3575 367 3650 (Si
387 3579 447 3648 quis
467 3579 500 3632 de
520 3593 595 3634 reno
616 3573 824 3650 conparaverit.)
866 3576 965 3633 Servus
993 3577 1190 3653 cujuscumque

135 3691 194 3732 non
215 3675 297 3733 liccat
316 3673 377 3731 sine
389 3674 571 3746 permissione
585 3675 692 3732 domini
713 3673 755 3730 sui
776 3689 868 3747 neque
884 3681 987 3734 terram
1001 3691 1093 3749 neque
1112 3693 1190 3738 man·
1245 3715 1246 3720 κ

134 3773 215 3846 cipia
235 3789 327 3846 neque
354 3774 583 3846 qualemcumque
612 3759 672 3830 rem
691 3772 807 3831 vindere
830 3778 878 3828 aut
898 3772 1016 3830 liberum
1037 3773 1186 3830 dimittere.

135 3870 166 3928 Si
188 3870 250 3944 quis
270 3871 305 3927 de
326 3886 404 3926 servo
425 3871 626 3942 conparaverit,
649 3878 679 3928 et
699 3871 834 3944 praetium
855 3873 969 3944 perdat,
1002 3878 1030 3928 ct
1050 3871 1127 3944 quod
1153 3870 1188 3928 de

135 3983 214 4026 servo
235 3968 302 4025 emit
322 3967 572 4047 proprio‘domino
593 3967 734 4027 reddatur.

214 4066 303 4125 m.
324 4061 375 4138 (lte
394 4081 470 4122 aeno
488 4063 646 4140 mmccciv.)
676 4065 782 4124 servus
809 4064 955 4123 mentius
981 4063 1120 4128 licentiam
1141 4065 1189 4133 ha·

135 4163 200 4221 beat
219 4162 254 4219 de
263 4161 370 4235 pientio
392 4179 453 4233 suo,
474 4164 505 4220 id
524 4171 566 4220 est
582 4163 664 4233 bove,
687 4177 778 4233 vacca,
801 4161 916 4232 cavallo,
939 4162 1021 4220 simul
1042 4167 1070 4220 et
1089 4163 1124 4222 de
1139 4164 1191 4222 mi-

137 4265 204 4316 nuto
225 4260 347 4334 peculio,
371 4260 399 4315 in
410 4260 486 4316 socio
505 4261 572 4318 dare
587 4267 635 4317 ant
653 4260 683 4316 in
704 4259 782 4316 socio
798 4275 947 4332 recepere;
965 4259 1078 4322 vindere
1097 4268 1189 4320 autem

136 4374 205 4424 non,
229 4358 281 4416 nisi
303 4357 380 4430 quod
401 4373 451 4430 pro
467 4359 612 4416 utilitatem
626 4371 705 4416 casae
722 4355 808 4432 ipsios
824 4365 875 4431 est,
898 4357 1029 4432 quatinus
1044 4375 1106 4418 casa
1125 4375 1191 4432 pro-

137 4455 220 4526 ficiat,
243 4471 387 4514 nomnen
409 4455 547 4528 depereat.

926 4549 944 4610 g
955 4548 973 4590 a
