<?xml version="1.0" encoding="UTF-8"?>
<!DOCTYPE html PUBLIC "-//W3C//DTD XHTML 1.0 Transitional//EN"
    "http://www.w3.org/TR/xhtml1/DTD/xhtml1-transitional.dtd">
<html xmlns="http://www.w3.org/1999/xhtml" xml:lang="en" lang="en">
 <head>
  <title>
</title>
<meta http-equiv="Content-Type" content="text/html;charset=utf-8" />
  <meta name='ocr-system' content='tesseract 3.04.00' />
  <meta name='ocr-capabilities' content='ocr_page ocr_carea ocr_par ocr_line ocrx_word'/>
</head>
<body>
  <div class='ocr_page' id='page_1' title='image "./edictaregumlang01neiggoog_0134.png"; bbox 0 0 3198 5222; ppageno 0'>
   <div class='ocr_carea' id='block_1_1' title="bbox 482 503 1284 600">
    <p class='ocr_par' dir='ltr' id='par_1_1' title="bbox 482 503 1284 600">
     <span class='ocr_line' id='line_1_1' title="bbox 482 503 1284 600; baseline -0.001 -16"><span class='ocrx_word' id='word_1_1' title='bbox 482 542 620 586; x_wconf 81' lang='lat' dir='ltr'>nurerum</span> <span class='ocrx_word' id='word_1_2' title='bbox 644 541 709 589; x_wconf 80' lang='lat' dir='ltr'>cnr.</span> <span class='ocrx_word' id='word_1_3' title='bbox 732 531 818 580; x_wconf 60' lang='grc' dir='ltr'>Μ.</span> <span class='ocrx_word' id='word_1_4' title='bbox 898 503 904 510; x_wconf 61' lang='grc'><strong>’</strong></span> <span class='ocrx_word' id='word_1_5' title='bbox 1131 521 1192 586; x_wconf 82' lang='lat' dir='ltr'>tlt</span> <span class='ocrx_word' id='word_1_6' title='bbox 1282 594 1284 600; x_wconf 15' lang='lat' dir='ltr'>y</span> 
     </span>
    </p>
   </div>
   <div class='ocr_carea' id='block_1_2' title="bbox 136 689 1250 3210">
    <p class='ocr_par' dir='ltr' id='par_1_2' title="bbox 136 689 1250 3210">
     <span class='ocr_line' id='line_1_2' title="bbox 141 689 1195 767; baseline 0.003 -20"><span class='ocrx_word' id='word_1_7' title='bbox 141 689 220 748; x_wconf 87' lang='lat' dir='ltr'>nibus</span> <span class='ocrx_word' id='word_1_8' title='bbox 237 689 373 764; x_wconf 82' lang='lat' dir='ltr'>justitiam</span> <span class='ocrx_word' id='word_1_9' title='bbox 392 699 545 764; x_wconf 87' lang='lat' dir='ltr'>conservet,</span> <span class='ocrx_word' id='word_1_10' title='bbox 567 691 606 750; x_wconf 86' lang='lat' dir='ltr'>ita</span> <span class='ocrx_word' id='word_1_11' title='bbox 626 698 657 748; x_wconf 90' lang='lat' dir='ltr'>ut</span> <span class='ocrx_word' id='word_1_12' title='bbox 677 692 712 748; x_wconf 91' lang='lat' dir='ltr'>de</span> <span class='ocrx_word' id='word_1_13' title='bbox 733 693 810 749; x_wconf 92' lang='lat' dir='ltr'>nullo</span> <span class='ocrx_word' id='word_1_14' title='bbox 831 689 976 767; x_wconf 81' lang='lat' dir='ltr'>homiuem</span> <span class='ocrx_word' id='word_1_15' title='bbox 992 691 1128 764; x_wconf 86' lang='lat' dir='ltr'>premium</span> <span class='ocrx_word' id='word_1_16' title='bbox 1149 709 1195 750; x_wconf 90' lang='lat' dir='ltr'>ao·</span> 
     </span>
     <span class='ocr_line' id='line_1_3' title="bbox 140 789 1195 874; baseline 0.002 -28"><span class='ocrx_word' id='word_1_17' title='bbox 140 789 244 862; x_wconf 84' lang='lat' dir='ltr'>cipial,</span> <span class='ocrx_word' id='word_1_18' title='bbox 276 790 347 849; x_wconf 88' lang='lat' dir='ltr'>sicut</span> <span class='ocrx_word' id='word_1_19' title='bbox 373 790 431 862; x_wconf 85' lang='lat' dir='ltr'>jam</span> <span class='ocrx_word' id='word_1_20' title='bbox 457 807 509 863; x_wconf 90' lang='lat' dir='ltr'>per</span> <span class='ocrx_word' id='word_1_21' title='bbox 530 807 643 848; x_wconf 87' lang='lat' dir='ltr'>manum</span> <span class='ocrx_word' id='word_1_22' title='bbox 665 789 794 863; x_wconf 73' lang='lat' dir='ltr'><strong>scriptam</strong></span> <span class='ocrx_word' id='word_1_23' title='bbox 817 789 898 848; x_wconf 88' lang='lat' dir='ltr'>nobis</span> <span class='ocrx_word' id='word_1_24' title='bbox 917 791 1124 874; x_wconf 82' lang='lat' dir='ltr'>promiserunt:</span> <span class='ocrx_word' id='word_1_25' title='bbox 1147 791 1195 864; x_wconf 90' lang='lat' dir='ltr'>qui</span> 
     </span>
     <span class='ocr_line' id='line_1_4' title="bbox 140 887 1197 966; baseline 0.003 -21"><span class='ocrx_word' id='word_1_26' title='bbox 140 887 219 945; x_wconf 89' lang='lat' dir='ltr'>aliter</span> <span class='ocrx_word' id='word_1_27' title='bbox 237 889 417 966; x_wconf 76' lang='lat' dir='ltr'>judicaverit,</span> <span class='ocrx_word' id='word_1_28' title='bbox 447 891 601 962; x_wconf 86' lang='lat' dir='ltr'>J&#39;udicatum</span> <span class='ocrx_word' id='word_1_29' title='bbox 623 907 703 948; x_wconf 91' lang='lat' dir='ltr'>suum</span> <span class='ocrx_word' id='word_1_30' title='bbox 724 889 868 949; x_wconf 88' lang='lat' dir='ltr'>ammittat.</span> <span class='ocrx_word' id='word_1_31' title='bbox 910 891 1010 958; x_wconf 82' lang='lat' dir='ltr'>Sedsi</span> <span class='ocrx_word' id='word_1_32' title='bbox 1031 891 1093 964; x_wconf 90' lang='lat' dir='ltr'>quis</span> <span class='ocrx_word' id='word_1_33' title='bbox 1111 892 1197 964; x_wconf 83' lang='lat' dir='ltr'>judex</span> 
     </span>
     <span class='ocr_line' id='line_1_5' title="bbox 136 981 1198 1062; baseline 0.007 -21"><span class='ocrx_word' id='word_1_34' title='bbox 136 986 242 1056; x_wconf 77' lang='lat' dir='ltr'>amodo</span> <span class='ocrx_word' id='word_1_35' title='bbox 257 981 418 1058; x_wconf 48' lang='lat' dir='ltr'>,neglexerit</span> <span class='ocrx_word' id='word_1_36' title='bbox 441 986 589 1044; x_wconf 81' lang='lat' dir='ltr'>aiimauuo</span> <span class='ocrx_word' id='word_1_37' title='bbox 620 1004 671 1044; x_wconf 90' lang='lat' dir='ltr'>suo</span> <span class='ocrx_word' id='word_1_38' title='bbox 699 988 776 1046; x_wconf 89' lang='lat' dir='ltr'>diviti</span> <span class='ocrx_word' id='word_1_39' title='bbox 796 998 842 1048; x_wconf 88' lang='lat' dir='ltr'>aut</span> <span class='ocrx_word' id='word_1_40' title='bbox 864 989 977 1062; x_wconf 88' lang='lat' dir='ltr'>pauperi</span> <span class='ocrx_word' id='word_1_41' title='bbox 1006 991 1049 1046; x_wconf 88' lang='lat' dir='ltr'>vel</span> <span class='ocrx_word' id='word_1_42' title='bbox 1076 991 1198 1048; x_wconf 86' lang='lat' dir='ltr'>cuicum·</span> 
     </span>
     <span class='ocr_line' id='line_1_6' title="bbox 140 1069 1198 1160; baseline 0.004 -18"><span class='ocrx_word' id='word_1_43' title='bbox 140 1103 195 1160; x_wconf 91' lang='lat' dir='ltr'>que</span> <span class='ocrx_word' id='word_1_44' title='bbox 216 1085 325 1144; x_wconf 79' lang='lat' dir='ltr'>homiui</span> <span class='ocrx_word' id='word_1_45' title='bbox 344 1085 476 1157; x_wconf 85' lang='lat' dir='ltr'>justitiam</span> <span class='ocrx_word' id='word_1_46' title='bbox 494 1085 630 1157; x_wconf 85' lang='lat' dir='ltr'>judicare,</span> <span class='ocrx_word' id='word_1_47' title='bbox 652 1086 806 1144; x_wconf 87' lang='lat' dir='ltr'>ammittere</span> <span class='ocrx_word' id='word_1_48' title='bbox 827 1069 934 1144; x_wconf 77' lang='lat' dir='ltr'>debeat</span> <span class='ocrx_word' id='word_1_49' title='bbox 944 1087 1098 1159; x_wconf 83' lang='lat' dir='ltr'>judicatum</span> <span class='ocrx_word' id='word_1_50' title='bbox 1117 1107 1198 1146; x_wconf 92' lang='lat' dir='ltr'>suum</span> 
     </span>
     <span class='ocr_line' id='line_1_7' title="bbox 141 1182 1199 1255; baseline 0.005 -15"><span class='ocrx_word' id='word_1_51' title='bbox 141 1185 345 1252; x_wconf 68' lang='lat' dir='ltr'>othonorum,</span> <span class='ocrx_word' id='word_1_52' title='bbox 379 1190 407 1246; x_wconf 81' lang='lat' dir='ltr'>et</span> <span class='ocrx_word' id='word_1_53' title='bbox 428 1189 570 1254; x_wconf 92' lang='lat' dir='ltr'>conponat</span> <span class='ocrx_word' id='word_1_54' title='bbox 590 1182 620 1238; x_wconf 91' lang='lat' dir='ltr'>in</span> <span class='ocrx_word' id='word_1_55' title='bbox 645 1183 747 1254; x_wconf 88' lang='lat' dir='ltr'>palatio</span> <span class='ocrx_word' id='word_1_56' title='bbox 776 1183 849 1252; x_wconf 79' lang='lat' dir='ltr'>regis</span> <span class='ocrx_word' id='word_1_57' title='bbox 879 1185 1018 1255; x_wconf 76' lang='lat' dir='ltr'>widrigild</span> <span class='ocrx_word' id='word_1_58' title='bbox 1044 1203 1139 1253; x_wconf 84' lang='lat' dir='ltr'>suum,</span> <span class='ocrx_word' id='word_1_59' title='bbox 1171 1195 1199 1244; x_wconf 87' lang='lat' dir='ltr'>et</span> 
     </span>
     <span class='ocr_line' id='line_1_8' title="bbox 141 1279 1198 1357; baseline 0.005 -20"><span class='ocrx_word' id='word_1_60' title='bbox 141 1281 180 1337; x_wconf 95' lang='lat' dir='ltr'>illi</span> <span class='ocrx_word' id='word_1_61' title='bbox 202 1297 363 1352; x_wconf 82' lang='lat' dir='ltr'><strong>conponere</strong></span> <span class='ocrx_word' id='word_1_62' title='bbox 385 1280 485 1338; x_wconf 86' lang='lat' dir='ltr'>debeat</span> <span class='ocrx_word' id='word_1_63' title='bbox 506 1280 625 1352; x_wconf 76' lang='lat' dir='ltr'>qualiter</span> <span class='ocrx_word' id='word_1_64' title='bbox 642 1279 734 1338; x_wconf 83' lang='lat' dir='ltr'>Edicti</span> <span class='ocrx_word' id='word_1_65' title='bbox 748 1281 875 1338; x_wconf 76' lang='lat' dir='ltr'>conduct</span> <span class='ocrx_word' id='word_1_66' title='bbox 888 1282 1000 1355; x_wconf 76' lang='lat' dir='ltr'>pagina,</span> <span class='ocrx_word' id='word_1_67' title='bbox 1024 1284 1068 1342; x_wconf 88' lang='lat' dir='ltr'>cui</span> <span class='ocrx_word' id='word_1_68' title='bbox 1086 1285 1198 1357; x_wconf 83' lang='lat' dir='ltr'>justiam</span> 
     </span>
     <span class='ocr_line' id='line_1_9' title="bbox 138 1377 1198 1454; baseline 0.005 -20"><span class='ocrx_word' id='word_1_69' title='bbox 138 1378 263 1450; x_wconf 86' lang='lat' dir='ltr'>judicare</span> <span class='ocrx_word' id='word_1_70' title='bbox 284 1377 454 1448; x_wconf 58' lang='lat' dir='ltr'>neglexerim</span> <span class='ocrx_word' id='word_1_71' title='bbox 483 1377 615 1449; x_wconf 91' lang='lat' dir='ltr'>quoniam</span> <span class='ocrx_word' id='word_1_72' title='bbox 634 1377 691 1448; x_wconf 86' lang='lat' dir='ltr'>jam</span> <span class='ocrx_word' id='word_1_73' title='bbox 712 1385 782 1433; x_wconf 88' lang='lat' dir='ltr'>teste</span> <span class='ocrx_word' id='word_1_74' title='bbox 802 1379 863 1434; x_wconf 88' lang='lat' dir='ltr'>Deo</span> <span class='ocrx_word' id='word_1_75' title='bbox 885 1379 1027 1450; x_wconf 81' lang='lat' dir='ltr'>dicemus,</span> <span class='ocrx_word' id='word_1_76' title='bbox 1060 1381 1125 1454; x_wconf 91' lang='lat' dir='ltr'>quia</span> <span class='ocrx_word' id='word_1_77' title='bbox 1146 1399 1198 1440; x_wconf 89' lang='lat' dir='ltr'>nec</span> 
     </span>
     <span class='ocr_line' id='line_1_10' title="bbox 141 1473 1201 1552; baseline 0.004 -20"><span class='ocrx_word' id='word_1_78' title='bbox 141 1475 242 1532; x_wconf 83' lang='lat' dir='ltr'>alicubi</span> <span class='ocrx_word' id='word_1_79' title='bbox 263 1476 305 1532; x_wconf 90' lang='lat' dir='ltr'>vel</span> <span class='ocrx_word' id='word_1_80' title='bbox 327 1475 362 1531; x_wconf 92' lang='lat' dir='ltr'>ad</span> <span class='ocrx_word' id='word_1_81' title='bbox 383 1473 538 1545; x_wconf 87' lang='lat' dir='ltr'>orationem</span> <span class='ocrx_word' id='word_1_82' title='bbox 558 1491 704 1546; x_wconf 89' lang='lat' dir='ltr'>possumus</span> <span class='ocrx_word' id='word_1_83' title='bbox 725 1475 800 1531; x_wconf 86' lang='lat' dir='ltr'>exire</span> <span class='ocrx_word' id='word_1_84' title='bbox 830 1482 877 1532; x_wconf 88' lang='lat' dir='ltr'>aut</span> <span class='ocrx_word' id='word_1_85' title='bbox 897 1476 1066 1552; x_wconf 88' lang='lat' dir='ltr'>ubicumque</span> <span class='ocrx_word' id='word_1_86' title='bbox 1087 1480 1201 1536; x_wconf 87' lang='lat' dir='ltr'>caballi·</span> 
     </span>
     <span class='ocr_line' id='line_1_11' title="bbox 141 1573 1201 1647; baseline 0.004 -16"><span class='ocrx_word' id='word_1_87' title='bbox 141 1590 214 1639; x_wconf 85' lang='lat' dir='ltr'>care,</span> <span class='ocrx_word' id='word_1_88' title='bbox 237 1581 351 1647; x_wconf 90' lang='lat' dir='ltr'>propter</span> <span class='ocrx_word' id='word_1_89' title='bbox 370 1573 597 1630; x_wconf 71' lang='lat' dir='ltr'>reclamationem</span> <span class='ocrx_word' id='word_1_90' title='bbox 618 1573 769 1630; x_wconf 89' lang='lat' dir='ltr'>multorum</span> <span class='ocrx_word' id='word_1_91' title='bbox 790 1573 947 1632; x_wconf 87' lang='lat' dir='ltr'>homiuum.</span> <span class='ocrx_word' id='word_1_92' title='bbox 967 1575 1051 1634; x_wconf 48' lang='lat' dir='ltr'>¹ideo</span> <span class='ocrx_word' id='word_1_93' title='bbox 1073 1577 1126 1634; x_wconf 87' lang='lat' dir='ltr'>lroc</span> <span class='ocrx_word' id='word_1_94' title='bbox 1147 1584 1201 1636; x_wconf 84' lang='lat' dir='ltr'>sta·</span> 
     </span>
     <span class='ocr_line' id='line_1_12' title="bbox 142 1670 1201 1746; baseline 0.004 -18"><span class='ocrx_word' id='word_1_95' title='bbox 142 1671 254 1741; x_wconf 81' lang='lat' dir='ltr'>mimus,</span> <span class='ocrx_word' id='word_1_96' title='bbox 277 1677 305 1727; x_wconf 87' lang='lat' dir='ltr'>et</span> <span class='ocrx_word' id='word_1_97' title='bbox 323 1670 450 1727; x_wconf 90' lang='lat' dir='ltr'>volumus</span> <span class='ocrx_word' id='word_1_98' title='bbox 470 1676 501 1726; x_wconf 91' lang='lat' dir='ltr'>ut</span> <span class='ocrx_word' id='word_1_99' title='bbox 521 1670 613 1728; x_wconf 87' lang='lat' dir='ltr'>omnis</span> <span class='ocrx_word' id='word_1_100' title='bbox 630 1670 717 1742; x_wconf 84' lang='lat' dir='ltr'>judex</span> <span class='ocrx_word' id='word_1_101' title='bbox 738 1671 792 1728; x_wconf 92' lang='lat' dir='ltr'>hoc</span> <span class='ocrx_word' id='word_1_102' title='bbox 813 1671 912 1741; x_wconf 81' lang='lat' dir='ltr'>iaciat,</span> <span class='ocrx_word' id='word_1_103' title='bbox 933 1679 965 1733; x_wconf 89' lang='lat' dir='ltr'>ut</span> <span class='ocrx_word' id='word_1_104' title='bbox 986 1673 1039 1732; x_wconf 79' lang='lat' dir='ltr'>liei</span> <span class='ocrx_word' id='word_1_105' title='bbox 1060 1691 1118 1733; x_wconf 85' lang='lat' dir='ltr'>aon</span> <span class='ocrx_word' id='word_1_106' title='bbox 1138 1690 1201 1746; x_wconf 86' lang='lat' dir='ltr'>pre-</span> 
     </span>
     <span class='ocr_line' id='line_1_13' title="bbox 142 1766 1200 1849; baseline 0.003 -23"><span class='ocrx_word' id='word_1_107' title='bbox 142 1769 247 1826; x_wconf 85' lang='lat' dir='ltr'>viamus</span> <span class='ocrx_word' id='word_1_108' title='bbox 269 1767 390 1832; x_wconf 62' lang='lat' dir='ltr'>offensu</span> <span class='ocrx_word' id='word_1_109' title='bbox 415 1774 443 1824; x_wconf 89' lang='lat' dir='ltr'>et</span> <span class='ocrx_word' id='word_1_110' title='bbox 470 1766 523 1840; x_wconf 90' lang='lat' dir='ltr'>ipsi</span> <span class='ocrx_word' id='word_1_111' title='bbox 548 1767 656 1849; x_wconf 81' lang='lat' dir='ltr'>judices</span> <span class='ocrx_word' id='word_1_112' title='bbox 688 1769 813 1828; x_wconf 88' lang='lat' dir='ltr'>volumus</span> <span class='ocrx_word' id='word_1_113' title='bbox 842 1769 921 1828; x_wconf 77' lang='lat' dir='ltr'>utin</span> <span class='ocrx_word' id='word_1_114' title='bbox 943 1786 977 1828; x_wconf 90' lang='lat' dir='ltr'>eo</span> <span class='ocrx_word' id='word_1_115' title='bbox 998 1772 1090 1828; x_wconf 89' lang='lat' dir='ltr'>tinore</span> <span class='ocrx_word' id='word_1_116' title='bbox 1111 1772 1200 1844; x_wconf 89' lang='lat' dir='ltr'>preci·</span> 
     </span>
     <span class='ocr_line' id='line_1_14' title="bbox 142 1865 1200 1942; baseline 0.003 -18"><span class='ocrx_word' id='word_1_117' title='bbox 142 1868 220 1940; x_wconf 90' lang='lat' dir='ltr'>piant</span> <span class='ocrx_word' id='word_1_118' title='bbox 245 1884 260 1924; x_wconf 88' lang='lat' dir='ltr'>a</span> <span class='ocrx_word' id='word_1_119' title='bbox 286 1865 425 1926; x_wconf 79' lang='lat' dir='ltr'>sculdahis</span> <span class='ocrx_word' id='word_1_120' title='bbox 446 1881 510 1923; x_wconf 87' lang='lat' dir='ltr'>suos</span> <span class='ocrx_word' id='word_1_121' title='bbox 532 1871 579 1922; x_wconf 91' lang='lat' dir='ltr'>aut</span> <span class='ocrx_word' id='word_1_122' title='bbox 599 1883 615 1924; x_wconf 92' lang='lat' dir='ltr'>a</span> <span class='ocrx_word' id='word_1_123' title='bbox 636 1867 812 1927; x_wconf 83' lang='lat' dir='ltr'>centenarios</span> <span class='ocrx_word' id='word_1_124' title='bbox 844 1875 890 1924; x_wconf 87' lang='lat' dir='ltr'>aut</span> <span class='ocrx_word' id='word_1_125' title='bbox 910 1868 946 1926; x_wconf 88' lang='lat' dir='ltr'>ad</span> <span class='ocrx_word' id='word_1_126' title='bbox 966 1869 1137 1942; x_wconf 85' lang='lat' dir='ltr'>locopositos</span> <span class='ocrx_word' id='word_1_127' title='bbox 1158 1871 1200 1928; x_wconf 88' lang='lat' dir='ltr'>vel</span> 
     </span>
     <span class='ocr_line' id='line_1_15' title="bbox 142 1963 1202 2048; baseline -0.001 -26"><span class='ocrx_word' id='word_1_128' title='bbox 142 1981 212 2037; x_wconf 86' lang='lat' dir='ltr'>quos</span> <span class='ocrx_word' id='word_1_129' title='bbox 242 1966 293 2022; x_wconf 79' lang='lat' dir='ltr'>sula</span> <span class='ocrx_word' id='word_1_130' title='bbox 324 1981 353 2020; x_wconf 91' lang='lat' dir='ltr'>se</span> <span class='ocrx_word' id='word_1_131' title='bbox 384 1963 488 2044; x_wconf 79' lang='lat' dir='ltr'>habeut</span> <span class='ocrx_word' id='word_1_132' title='bbox 510 1963 669 2048; x_wconf 85' lang='lat' dir='ltr'>ordinatos,</span> <span class='ocrx_word' id='word_1_133' title='bbox 697 1971 727 2020; x_wconf 90' lang='lat' dir='ltr'>ut</span> <span class='ocrx_word' id='word_1_134' title='bbox 755 1971 783 2021; x_wconf 89' lang='lat' dir='ltr'>et</span> <span class='ocrx_word' id='word_1_135' title='bbox 802 1965 855 2038; x_wconf 89' lang='lat' dir='ltr'>ipsi</span> <span class='ocrx_word' id='word_1_136' title='bbox 876 1965 1003 2024; x_wconf 87' lang='lat' dir='ltr'>similiter</span> <span class='ocrx_word' id='word_1_137' title='bbox 1022 1965 1144 2035; x_wconf 72' lang='lat' dir='ltr'>faciant,</span> <span class='ocrx_word' id='word_1_138' title='bbox 1173 1973 1202 2022; x_wconf 88' lang='lat' dir='ltr'>et</span> 
     </span>
     <span class='ocr_line' id='line_1_16' title="bbox 142 2061 1201 2137; baseline 0.002 -17"><span class='ocrx_word' id='word_1_139' title='bbox 142 2063 307 2137; x_wconf 76' lang='lat' dir='ltr'>promittant</span> <span class='ocrx_word' id='word_1_140' title='bbox 333 2063 368 2124; x_wconf 86' lang='lat' dir='ltr'>ad</span> <span class='ocrx_word' id='word_1_141' title='bbox 394 2061 518 2134; x_wconf 81' lang='lat' dir='ltr'>judicem</span> <span class='ocrx_word' id='word_1_142' title='bbox 548 2077 628 2122; x_wconf 84' lang='lat' dir='ltr'>suum</span> <span class='ocrx_word' id='word_1_143' title='bbox 650 2061 721 2118; x_wconf 86' lang='lat' dir='ltr'>sicut</span> <span class='ocrx_word' id='word_1_144' title='bbox 745 2069 773 2121; x_wconf 82' lang='lat' dir='ltr'>et</span> <span class='ocrx_word' id='word_1_145' title='bbox 793 2062 846 2134; x_wconf 86' lang='lat' dir='ltr'>ipsi</span> <span class='ocrx_word' id='word_1_146' title='bbox 864 2063 973 2136; x_wconf 80' lang='lat' dir='ltr'>judices</span> <span class='ocrx_word' id='word_1_147' title='bbox 995 2064 1076 2122; x_wconf 91' lang='lat' dir='ltr'>nobis</span> <span class='ocrx_word' id='word_1_148' title='bbox 1096 2063 1201 2136; x_wconf 85' lang='lat' dir='ltr'>promi·</span> 
     </span>
     <span class='ocr_line' id='line_1_17' title="bbox 142 2158 1199 2231; baseline 0.002 -13"><span class='ocrx_word' id='word_1_149' title='bbox 142 2168 254 2218; x_wconf 88' lang='lat' dir='ltr'>serunt:</span> <span class='ocrx_word' id='word_1_150' title='bbox 276 2167 306 2216; x_wconf 91' lang='lat' dir='ltr'>ut</span> <span class='ocrx_word' id='word_1_151' title='bbox 326 2159 361 2216; x_wconf 89' lang='lat' dir='ltr'>sit</span> <span class='ocrx_word' id='word_1_152' title='bbox 382 2159 463 2216; x_wconf 87' lang='lat' dir='ltr'>nobis</span> <span class='ocrx_word' id='word_1_153' title='bbox 483 2165 511 2214; x_wconf 89' lang='lat' dir='ltr'>et</span> <span class='ocrx_word' id='word_1_154' title='bbox 532 2158 587 2214; x_wconf 90' lang='lat' dir='ltr'>illis</span> <span class='ocrx_word' id='word_1_155' title='bbox 603 2159 800 2231; x_wconf 84' lang='lat' dir='ltr'>tranquillitas,</span> <span class='ocrx_word' id='word_1_156' title='bbox 822 2161 1007 2220; x_wconf 87' lang='lat' dir='ltr'>etmercedes</span> <span class='ocrx_word' id='word_1_157' title='bbox 1026 2162 1199 2220; x_wconf 87' lang='lat' dir='ltr'>inanimam.</span> 
     </span>
     <span class='ocr_line' id='line_1_18' title="bbox 143 2239 1202 2332; baseline -0.001 -15"><span class='ocrx_word' id='word_1_158' title='bbox 143 2259 213 2318; x_wconf 89' lang='lat' dir='ltr'>Nam</span> <span class='ocrx_word' id='word_1_159' title='bbox 234 2259 283 2332; x_wconf 92' lang='lat' dir='ltr'>qui</span> <span class='ocrx_word' id='word_1_160' title='bbox 298 2275 319 2316; x_wconf 88' lang='lat' dir='ltr'>-a</span> <span class='ocrx_word' id='word_1_161' title='bbox 341 2263 473 2329; x_wconf 86' lang='lat' dir='ltr'>presente</span> <span class='ocrx_word' id='word_1_162' title='bbox 496 2255 541 2315; x_wconf 89' lang='lat' dir='ltr'>die</span> <span class='ocrx_word' id='word_1_163' title='bbox 563 2255 744 2314; x_wconf 85' lang='lat' dir='ltr'>kalendarum</span> <span class='ocrx_word' id='word_1_164' title='bbox 765 2257 925 2322; x_wconf 86' lang='lat' dir='ltr'>martiarum</span> <span class='ocrx_word' id='word_1_165' title='bbox 946 2276 978 2315; x_wconf 87' lang='lat' dir='ltr'>ea</span> <span class='ocrx_word' id='word_1_166' title='bbox 997 2239 1054 2331; x_wconf 71' lang='lat' dir='ltr'>&#39;que</span> <span class='ocrx_word' id='word_1_167' title='bbox 1076 2259 1202 2332; x_wconf 90' lang='lat' dir='ltr'>superius</span> 
     </span>
     <span class='ocr_line' id='line_1_19' title="bbox 143 2345 1202 2428; baseline -0.002 -12"><span class='ocrx_word' id='word_1_168' title='bbox 143 2356 274 2428; x_wconf 80' lang='lat' dir='ltr'>leguntur</span> <span class='ocrx_word' id='word_1_169' title='bbox 295 2372 352 2424; x_wconf 88' lang='lat' dir='ltr'>non</span> <span class='ocrx_word' id='word_1_170' title='bbox 374 2353 580 2412; x_wconf 81' lang='lat' dir='ltr'>conservaverit</span> <span class='ocrx_word' id='word_1_171' title='bbox 601 2361 648 2413; x_wconf 89' lang='lat' dir='ltr'>aut</span> <span class='ocrx_word' id='word_1_172' title='bbox 669 2369 725 2413; x_wconf 90' lang='lat' dir='ltr'>nou</span> <span class='ocrx_word' id='word_1_173' title='bbox 748 2345 934 2428; x_wconf 77' lang='lat' dir='ltr'>compleverit,</span> <span class='ocrx_word' id='word_1_174' title='bbox 958 2363 986 2412; x_wconf 89' lang='lat' dir='ltr'>et</span> <span class='ocrx_word' id='word_1_175' title='bbox 1001 2363 1095 2424; x_wconf 49' lang='lat' dir='ltr'>,tantas</span> <span class='ocrx_word' id='word_1_176' title='bbox 1116 2357 1202 2414; x_wconf 82' lang='lat' dir='ltr'>recla-</span> 
     </span>
     <span class='ocr_line' id='line_1_20' title="bbox 143 2448 1201 2526; baseline 0 -16"><span class='ocrx_word' id='word_1_177' title='bbox 143 2455 280 2515; x_wconf 83' lang='lat' dir='ltr'>mationes</span> <span class='ocrx_word' id='word_1_178' title='bbox 300 2454 336 2510; x_wconf 90' lang='lat' dir='ltr'>ad</span> <span class='ocrx_word' id='word_1_179' title='bbox 357 2467 408 2508; x_wconf 90' lang='lat' dir='ltr'>nos</span> <span class='ocrx_word' id='word_1_180' title='bbox 429 2449 572 2507; x_wconf 90' lang='lat' dir='ltr'>venerint:</span> <span class='ocrx_word' id='word_1_181' title='bbox 603 2448 857 2523; x_wconf 83' lang='lat' dir='ltr'>primoomnium,</span> <span class='ocrx_word' id='word_1_182' title='bbox 891 2454 925 2513; x_wconf 86' lang='lat' dir='ltr'>de</span> <span class='ocrx_word' id='word_1_183' title='bbox 955 2453 1032 2526; x_wconf 86' lang='lat' dir='ltr'>cujus</span> <span class='ocrx_word' id='word_1_184' title='bbox 1056 2454 1201 2526; x_wconf 83' lang='lat' dir='ltr'>judiciaria</span> 
     </span>
     <span class='ocr_line' id='line_1_21' title="bbox 143 2549 1201 2626; baseline 0 -18"><span class='ocrx_word' id='word_1_185' title='bbox 143 2552 203 2626; x_wconf 88' lang='lat' dir='ltr'>ipse</span> <span class='ocrx_word' id='word_1_186' title='bbox 224 2552 308 2608; x_wconf 89' lang='lat' dir='ltr'>homo</span> <span class='ocrx_word' id='word_1_187' title='bbox 323 2550 457 2622; x_wconf 77' lang='lat' dir='ltr'>iustitiam</span> <span class='ocrx_word' id='word_1_188' title='bbox 473 2565 531 2605; x_wconf 89' lang='lat' dir='ltr'>non</span> <span class='ocrx_word' id='word_1_189' title='bbox 551 2549 679 2609; x_wconf 83' lang='lat' dir='ltr'>habuerit</span> <span class='ocrx_word' id='word_1_190' title='bbox 699 2556 726 2606; x_wconf 89' lang='lat' dir='ltr'>et</span> <span class='ocrx_word' id='word_1_191' title='bbox 747 2550 782 2610; x_wconf 91' lang='lat' dir='ltr'>ad</span> <span class='ocrx_word' id='word_1_192' title='bbox 797 2567 849 2613; x_wconf 90' lang='lat' dir='ltr'>nos</span> <span class='ocrx_word' id='word_1_193' title='bbox 867 2552 982 2620; x_wconf 88' lang='lat' dir='ltr'>venerit,</span> <span class='ocrx_word' id='word_1_194' title='bbox 1006 2551 1074 2610; x_wconf 86' lang='lat' dir='ltr'>sciat</span> <span class='ocrx_word' id='word_1_195' title='bbox 1086 2567 1120 2608; x_wconf 83' lang='lat' dir='ltr'>se</span> <span class='ocrx_word' id='word_1_196' title='bbox 1136 2551 1201 2624; x_wconf 85' lang='lat' dir='ltr'>quia</span> 
     </span>
     <span class='ocr_line' id='line_1_22' title="bbox 144 2646 1203 2722; baseline 0 -17"><span class='ocrx_word' id='word_1_197' title='bbox 144 2650 179 2706; x_wconf 94' lang='lat' dir='ltr'>de</span> <span class='ocrx_word' id='word_1_198' title='bbox 199 2649 262 2722; x_wconf 92' lang='lat' dir='ltr'>ipso</span> <span class='ocrx_word' id='word_1_199' title='bbox 284 2648 391 2704; x_wconf 87' lang='lat' dir='ltr'>honore</span> <span class='ocrx_word' id='word_1_200' title='bbox 412 2664 476 2704; x_wconf 89' lang='lat' dir='ltr'>eum</span> <span class='ocrx_word' id='word_1_201' title='bbox 497 2646 683 2719; x_wconf 64' lang='lat' dir='ltr'>expellimus,</span> <span class='ocrx_word' id='word_1_202' title='bbox 711 2654 739 2704; x_wconf 89' lang='lat' dir='ltr'>ct</span> <span class='ocrx_word' id='word_1_203' title='bbox 755 2665 809 2721; x_wconf 89' lang='lat' dir='ltr'>per</span> <span class='ocrx_word' id='word_1_204' title='bbox 829 2650 922 2708; x_wconf 91' lang='lat' dir='ltr'>nullos</span> <span class='ocrx_word' id='word_1_205' title='bbox 943 2657 1074 2722; x_wconf 90' lang='lat' dir='ltr'>patronos</span> <span class='ocrx_word' id='word_1_206' title='bbox 1100 2648 1203 2722; x_wconf 87' lang='lat' dir='ltr'>poterit</span> 
     </span>
     <span class='ocr_line' id='line_1_23' title="bbox 144 2741 1250 2820; baseline -0.001 -17"><span class='ocrx_word' id='word_1_207' title='bbox 144 2747 291 2820; x_wconf 88' lang='lat' dir='ltr'>optinere,</span> <span class='ocrx_word' id='word_1_208' title='bbox 313 2753 344 2802; x_wconf 93' lang='lat' dir='ltr'>ut</span> <span class='ocrx_word' id='word_1_209' title='bbox 364 2746 499 2801; x_wconf 92' lang='lat' dir='ltr'>honorem</span> <span class='ocrx_word' id='word_1_210' title='bbox 521 2761 601 2802; x_wconf 90' lang='lat' dir='ltr'>suum</span> <span class='ocrx_word' id='word_1_211' title='bbox 623 2761 681 2802; x_wconf 90' lang='lat' dir='ltr'>non</span> <span class='ocrx_word' id='word_1_212' title='bbox 702 2745 826 2817; x_wconf 87' lang='lat' dir='ltr'>amittat,</span> <span class='ocrx_word' id='word_1_213' title='bbox 858 2754 886 2803; x_wconf 88' lang='lat' dir='ltr'>et</span> <span class='ocrx_word' id='word_1_214' title='bbox 913 2747 994 2803; x_wconf 91' lang='lat' dir='ltr'>nobis</span> <span class='ocrx_word' id='word_1_215' title='bbox 1021 2747 1123 2804; x_wconf 82' lang='lat' dir='ltr'>stillis</span> <span class='ocrx_word' id='word_1_216' title='bbox 1145 2762 1201 2802; x_wconf 88' lang='lat' dir='ltr'>uon</span> <span class='ocrx_word' id='word_1_217' title='bbox 1245 2741 1250 2755; x_wconf 74' lang='grc'><strong>“</strong></span> 
     </span>
     <span class='ocr_line' id='line_1_24' title="bbox 145 2842 1201 2918; baseline -0.002 -15"><span class='ocrx_word' id='word_1_218' title='bbox 145 2852 286 2918; x_wconf 87' lang='lat' dir='ltr'>conponat</span> <span class='ocrx_word' id='word_1_219' title='bbox 306 2844 350 2900; x_wconf 89' lang='lat' dir='ltr'>cui</span> <span class='ocrx_word' id='word_1_220' title='bbox 377 2842 510 2915; x_wconf 87' lang='lat' dir='ltr'>justitiam</span> <span class='ocrx_word' id='word_1_221' title='bbox 539 2842 628 2899; x_wconf 88' lang='lat' dir='ltr'>lacere</span> <span class='ocrx_word' id='word_1_222' title='bbox 660 2843 802 2914; x_wconf 80' lang='lat' dir='ltr'>neglexit,</span> <span class='ocrx_word' id='word_1_223' title='bbox 834 2844 906 2900; x_wconf 88' lang='lat' dir='ltr'>sieut</span> <span class='ocrx_word' id='word_1_224' title='bbox 934 2861 1016 2916; x_wconf 86' lang='lat' dir='ltr'>supra</span> <span class='ocrx_word' id='word_1_225' title='bbox 1037 2844 1201 2908; x_wconf 88' lang='lat' dir='ltr'>statuimus;</span> 
     </span>
     <span class='ocr_line' id='line_1_25' title="bbox 145 2935 1203 3016; baseline -0.003 -17"><span class='ocrx_word' id='word_1_226' title='bbox 145 2943 210 3016; x_wconf 88' lang='lat' dir='ltr'>quia</span> <span class='ocrx_word' id='word_1_227' title='bbox 232 2939 426 3013; x_wconf 80' lang='lat' dir='ltr'>cognoscimus</span> <span class='ocrx_word' id='word_1_228' title='bbox 448 2956 512 2996; x_wconf 90' lang='lat' dir='ltr'>eum</span> <span class='ocrx_word' id='word_1_229' title='bbox 532 2957 585 2996; x_wconf 90' lang='lat' dir='ltr'>nec</span> <span class='ocrx_word' id='word_1_230' title='bbox 605 2939 658 2996; x_wconf 91' lang='lat' dir='ltr'>Dei</span> <span class='ocrx_word' id='word_1_231' title='bbox 681 2957 733 2996; x_wconf 91' lang='lat' dir='ltr'>nec</span> <span class='ocrx_word' id='word_1_232' title='bbox 754 2948 879 3002; x_wconf 90' lang='lat' dir='ltr'>nostrum</span> <span class='ocrx_word' id='word_1_233' title='bbox 907 2935 966 2999; x_wconf 80' lang='lat' dir='ltr'>esse</span> <span class='ocrx_word' id='word_1_234' title='bbox 988 2942 1119 3015; x_wconf 82' lang='lat' dir='ltr'>fidelem,</span> <span class='ocrx_word' id='word_1_235' title='bbox 1149 2957 1203 2996; x_wconf 89' lang='lat' dir='ltr'>nec</span> 
     </span>
     <span class='ocr_line' id='line_1_26' title="bbox 145 3037 1203 3114; baseline -0.001 -19"><span class='ocrx_word' id='word_1_236' title='bbox 145 3056 196 3114; x_wconf 92' lang='lat' dir='ltr'>pro</span> <span class='ocrx_word' id='word_1_237' title='bbox 217 3039 369 3096; x_wconf 84' lang='lat' dir='ltr'>salvatione</span> <span class='ocrx_word' id='word_1_238' title='bbox 390 3044 463 3094; x_wconf 93' lang='lat' dir='ltr'>terre</span> <span class='ocrx_word' id='word_1_239' title='bbox 491 3037 569 3094; x_wconf 94' lang='lat' dir='ltr'>istius</span> <span class='ocrx_word' id='word_1_240' title='bbox 592 3037 750 3108; x_wconf 85' lang='lat' dir='ltr'>decertare,</span> <span class='ocrx_word' id='word_1_241' title='bbox 782 3039 850 3107; x_wconf 91' lang='lat' dir='ltr'>sed,</span> <span class='ocrx_word' id='word_1_242' title='bbox 879 3046 909 3096; x_wconf 89' lang='lat' dir='ltr'>ut</span> <span class='ocrx_word' id='word_1_243' title='bbox 930 3039 1071 3106; x_wconf 83' lang='lat' dir='ltr'>diximus,</span> <span class='ocrx_word' id='word_1_244' title='bbox 1106 3045 1203 3096; x_wconf 88' lang='lat' dir='ltr'>contra</span> 
     </span>
     <span class='ocr_line' id='line_1_27' title="bbox 145 3117 718 3210; baseline -0.005 -16"><span class='ocrx_word' id='word_1_245' title='bbox 145 3138 237 3196; x_wconf 81' lang='lat' dir='ltr'>Deum</span> <span class='ocrx_word' id='word_1_246' title='bbox 257 3137 364 3210; x_wconf 84' lang='lat' dir='ltr'>quaerit</span> <span class='ocrx_word' id='word_1_247' title='bbox 384 3152 467 3208; x_wconf 81' lang='lat' dir='ltr'>agere</span> <span class='ocrx_word' id='word_1_248' title='bbox 488 3142 516 3192; x_wconf 90' lang='lat' dir='ltr'>et</span> <span class='ocrx_word' id='word_1_249' title='bbox 537 3117 635 3192; x_wconf 86' lang='lat' dir='ltr'>contra</span> <span class='ocrx_word' id='word_1_250' title='bbox 657 3152 718 3205; x_wconf 81' lang='lat' dir='ltr'>nos.</span> 
     </span>
    </p>
   </div>
   <div class='ocr_carea' id='block_1_3' title="bbox 146 3231 1290 4403">
    <p class='ocr_par' dir='ltr' id='par_1_3' title="bbox 146 3231 1290 4403">
     <span class='ocr_line' id='line_1_28' title="bbox 226 3231 1205 3326; baseline -0.002 -18"><span class='ocrx_word' id='word_1_251' title='bbox 226 3251 293 3326; x_wconf 82' lang='grc' dir='ltr'>(ΙΙ.)</span> <span class='ocrx_word' id='word_1_252' title='bbox 320 3254 357 3308; x_wconf 62' lang='lat' dir='ltr'>t.</span> <span class='ocrx_word' id='word_1_253' title='bbox 379 3251 409 3308; x_wconf 86' lang='lat' dir='ltr'>Si</span> <span class='ocrx_word' id='word_1_254' title='bbox 430 3251 492 3323; x_wconf 90' lang='lat' dir='ltr'>quis</span> <span class='ocrx_word' id='word_1_255' title='bbox 513 3266 577 3307; x_wconf 89' lang='lat' dir='ltr'>vero</span> <span class='ocrx_word' id='word_1_256' title='bbox 598 3246 761 3307; x_wconf 88' lang='lat' dir='ltr'>arimannos</span> <span class='ocrx_word' id='word_1_257' title='bbox 782 3258 828 3307; x_wconf 90' lang='lat' dir='ltr'>aut</span> <span class='ocrx_word' id='word_1_258' title='bbox 849 3231 980 3324; x_wconf 88' lang='lat' dir='ltr'>quislibet</span> <span class='ocrx_word' id='word_1_259' title='bbox 1000 3253 1085 3308; x_wconf 84' lang='lat' dir='ltr'>homo</span> <span class='ocrx_word' id='word_1_260' title='bbox 1108 3251 1142 3307; x_wconf 93' lang='lat' dir='ltr'>ad</span> <span class='ocrx_word' id='word_1_261' title='bbox 1160 3250 1205 3323; x_wconf 81' lang='lat' dir='ltr'>ju-</span> 
     </span>
     <span class='ocr_line' id='line_1_29' title="bbox 147 3349 1203 3422; baseline -0.003 -14"><span class='ocrx_word' id='word_1_262' title='bbox 147 3352 239 3408; x_wconf 89' lang='lat' dir='ltr'>dicem</span> <span class='ocrx_word' id='word_1_263' title='bbox 266 3367 346 3407; x_wconf 91' lang='lat' dir='ltr'>suum</span> <span class='ocrx_word' id='word_1_264' title='bbox 375 3350 451 3422; x_wconf 91' lang='lat' dir='ltr'>prius</span> <span class='ocrx_word' id='word_1_265' title='bbox 477 3365 534 3404; x_wconf 90' lang='lat' dir='ltr'>uon</span> <span class='ocrx_word' id='word_1_266' title='bbox 566 3349 749 3405; x_wconf 81' lang='lat' dir='ltr'>ambulaverit</span> <span class='ocrx_word' id='word_1_267' title='bbox 778 3357 805 3405; x_wconf 87' lang='lat' dir='ltr'>et</span> <span class='ocrx_word' id='word_1_268' title='bbox 829 3349 964 3421; x_wconf 79' lang='lat' dir='ltr'>judicium</span> <span class='ocrx_word' id='word_1_269' title='bbox 985 3350 1026 3406; x_wconf 86' lang='lat' dir='ltr'>de</span> <span class='ocrx_word' id='word_1_270' title='bbox 1038 3349 1133 3422; x_wconf 85' lang='lat' dir='ltr'>judice</span> <span class='ocrx_word' id='word_1_271' title='bbox 1154 3365 1203 3405; x_wconf 91' lang='lat' dir='ltr'>suo</span> 
     </span>
     <span class='ocr_line' id='line_1_30' title="bbox 146 3446 1205 3532; baseline -0.004 -26"><span class='ocrx_word' id='word_1_272' title='bbox 146 3449 222 3523; x_wconf 89' lang='lat' dir='ltr'>prius</span> <span class='ocrx_word' id='word_1_273' title='bbox 243 3466 300 3505; x_wconf 90' lang='lat' dir='ltr'>uon</span> <span class='ocrx_word' id='word_1_274' title='bbox 322 3446 484 3532; x_wconf 74' lang='lat' dir='ltr'>susceperit,</span> <span class='ocrx_word' id='word_1_275' title='bbox 508 3454 535 3502; x_wconf 90' lang='lat' dir='ltr'>et</span> <span class='ocrx_word' id='word_1_276' title='bbox 556 3453 619 3519; x_wconf 92' lang='lat' dir='ltr'>post</span> <span class='ocrx_word' id='word_1_277' title='bbox 636 3446 771 3518; x_wconf 85' lang='lat' dir='ltr'>justitiam</span> <span class='ocrx_word' id='word_1_278' title='bbox 792 3461 869 3504; x_wconf 88' lang='lat' dir='ltr'>suam</span> <span class='ocrx_word' id='word_1_279' title='bbox 882 3455 1023 3520; x_wconf 82' lang='lat' dir='ltr'>receptam</span> <span class='ocrx_word' id='word_1_280' title='bbox 1040 3447 1079 3504; x_wconf 89' lang='lat' dir='ltr'>sic</span> <span class='ocrx_word' id='word_1_281' title='bbox 1099 3447 1205 3505; x_wconf 88' lang='lat' dir='ltr'>venerit</span> 
     </span>
     <span class='ocr_line' id='line_1_31' title="bbox 147 3533 1290 3620; baseline -0.004 -16"><span class='ocrx_word' id='word_1_282' title='bbox 147 3549 182 3604; x_wconf 92' lang='lat' dir='ltr'>ad</span> <span class='ocrx_word' id='word_1_283' title='bbox 204 3563 257 3604; x_wconf 91' lang='lat' dir='ltr'>nos</span> <span class='ocrx_word' id='word_1_284' title='bbox 277 3547 468 3620; x_wconf 86' lang='lat' dir='ltr'>proclamare,</span> <span class='ocrx_word' id='word_1_285' title='bbox 493 3550 636 3616; x_wconf 89' lang='lat' dir='ltr'>conponat</span> <span class='ocrx_word' id='word_1_286' title='bbox 666 3542 701 3600; x_wconf 92' lang='lat' dir='ltr'>ad</span> <span class='ocrx_word' id='word_1_287' title='bbox 730 3543 822 3616; x_wconf 89' lang='lat' dir='ltr'>ipsum</span> <span class='ocrx_word' id='word_1_288' title='bbox 845 3545 968 3618; x_wconf 83' lang='lat' dir='ltr'>judicem</span> <span class='ocrx_word' id='word_1_289' title='bbox 993 3563 1074 3603; x_wconf 92' lang='lat' dir='ltr'>suum</span> <span class='ocrx_word' id='word_1_290' title='bbox 1100 3544 1205 3601; x_wconf 89' lang='lat' dir='ltr'>solidos</span> <span class='ocrx_word' id='word_1_291' title='bbox 1288 3533 1290 3544; x_wconf 84' lang='lat'>&#39;</span> 
     </span>
     <span class='ocr_line' id='line_1_32' title="bbox 148 3641 1206 3718; baseline -0.005 -16"><span class='ocrx_word' id='word_1_292' title='bbox 148 3645 359 3718; x_wconf 79' lang='lat' dir='ltr'>quinquaginta.</span> <span class='ocrx_word' id='word_1_293' title='bbox 390 3643 540 3716; x_wconf 87' lang='lat' dir='ltr'>Propterea</span> <span class='ocrx_word' id='word_1_294' title='bbox 561 3641 738 3714; x_wconf 86' lang='lat' dir='ltr'>precepimus</span> <span class='ocrx_word' id='word_1_295' title='bbox 759 3643 905 3712; x_wconf 79' lang='lat' dir='ltr'>ominibus,</span> <span class='ocrx_word' id='word_1_296' title='bbox 939 3651 969 3700; x_wconf 90' lang='lat' dir='ltr'>ut</span> <span class='ocrx_word' id='word_1_297' title='bbox 995 3644 1096 3700; x_wconf 87' lang='lat' dir='ltr'>debeat</span> <span class='ocrx_word' id='word_1_298' title='bbox 1115 3657 1206 3700; x_wconf 85' lang='lat' dir='ltr'>rever·</span> 
     </span>
     <span class='ocr_line' id='line_1_33' title="bbox 148 3740 1204 3819; baseline -0.004 -19"><span class='ocrx_word' id='word_1_299' title='bbox 148 3750 206 3800; x_wconf 89' lang='lat' dir='ltr'>tere</span> <span class='ocrx_word' id='word_1_300' title='bbox 226 3743 417 3817; x_wconf 89' lang='lat' dir='ltr'>uuusquisque</span> <span class='ocrx_word' id='word_1_301' title='bbox 439 3757 549 3819; x_wconf 80' lang='lat' dir='ltr'>causam</span> <span class='ocrx_word' id='word_1_302' title='bbox 561 3740 694 3797; x_wconf 86' lang='lat' dir='ltr'>habentes</span> <span class='ocrx_word' id='word_1_303' title='bbox 716 3757 765 3814; x_wconf 92' lang='lat' dir='ltr'>per</span> <span class='ocrx_word' id='word_1_304' title='bbox 780 3741 904 3800; x_wconf 86' lang='lat' dir='ltr'>civitates</span> <span class='ocrx_word' id='word_1_305' title='bbox 924 3743 961 3800; x_wconf 89' lang='lat' dir='ltr'>ad</span> <span class='ocrx_word' id='word_1_306' title='bbox 971 3743 1095 3816; x_wconf 83' lang='lat' dir='ltr'>judicem</span> <span class='ocrx_word' id='word_1_307' title='bbox 1113 3757 1204 3808; x_wconf 92' lang='lat' dir='ltr'>suum,</span> 
     </span>
     <span class='ocr_line' id='line_1_34' title="bbox 148 3838 1205 3914; baseline -0.005 -15"><span class='ocrx_word' id='word_1_308' title='bbox 148 3849 176 3899; x_wconf 90' lang='lat' dir='ltr'>et</span> <span class='ocrx_word' id='word_1_309' title='bbox 204 3842 332 3898; x_wconf 91' lang='lat' dir='ltr'>nuntiare</span> <span class='ocrx_word' id='word_1_310' title='bbox 360 3841 459 3898; x_wconf 86' lang='lat' dir='ltr'>debeat</span> <span class='ocrx_word' id='word_1_311' title='bbox 491 3855 601 3896; x_wconf 84' lang='lat' dir='ltr'>causam</span> <span class='ocrx_word' id='word_1_312' title='bbox 622 3855 699 3898; x_wconf 92' lang='lat' dir='ltr'>suam</span> <span class='ocrx_word' id='word_1_313' title='bbox 728 3840 763 3896; x_wconf 88' lang='lat' dir='ltr'>ad</span> <span class='ocrx_word' id='word_1_314' title='bbox 785 3841 861 3914; x_wconf 90' lang='lat' dir='ltr'>ipsos</span> <span class='ocrx_word' id='word_1_315' title='bbox 879 3841 987 3914; x_wconf 81' lang='lat' dir='ltr'>judices</span> <span class='ocrx_word' id='word_1_316' title='bbox 1008 3857 1084 3897; x_wconf 90' lang='lat' dir='ltr'>suos.</span> <span class='ocrx_word' id='word_1_317' title='bbox 1127 3838 1205 3896; x_wconf 87' lang='lat' dir='ltr'>Etsi</span> 
     </span>
     <span class='ocr_line' id='line_1_35' title="bbox 146 3937 1207 4018; baseline -0.004 -22"><span class='ocrx_word' id='word_1_318' title='bbox 146 3940 281 4018; x_wconf 78' lang='lat' dir='ltr'>iustitiam</span> <span class='ocrx_word' id='word_1_319' title='bbox 302 3956 358 3996; x_wconf 92' lang='lat' dir='ltr'>non</span> <span class='ocrx_word' id='word_1_320' title='bbox 375 3937 523 4012; x_wconf 87' lang='lat' dir='ltr'>receperit,</span> <span class='ocrx_word' id='word_1_321' title='bbox 548 3944 613 3994; x_wconf 89' lang='lat' dir='ltr'>tunc</span> <span class='ocrx_word' id='word_1_322' title='bbox 634 3938 726 3994; x_wconf 84' lang='lat' dir='ltr'>veniat</span> <span class='ocrx_word' id='word_1_323' title='bbox 738 3939 773 3994; x_wconf 89' lang='lat' dir='ltr'>ad</span> <span class='ocrx_word' id='word_1_324' title='bbox 791 3945 914 3996; x_wconf 90' lang='lat' dir='ltr'>nostram</span> <span class='ocrx_word' id='word_1_325' title='bbox 932 3938 1119 4012; x_wconf 69' lang='lat' dir='ltr'>presentiam</span> <span class='ocrx_word' id='word_1_326' title='bbox 1142 3951 1207 3992; x_wconf 85' lang='lat' dir='ltr'>uam</span> 
     </span>
     <span class='ocr_line' id='line_1_36' title="bbox 148 4035 1207 4112; baseline -0.005 -17"><span class='ocrx_word' id='word_1_327' title='bbox 148 4037 172 4095; x_wconf 88' lang='lat' dir='ltr'>si</span> <span class='ocrx_word' id='word_1_328' title='bbox 201 4039 265 4112; x_wconf 92' lang='lat' dir='ltr'>quis</span> <span class='ocrx_word' id='word_1_329' title='bbox 294 4037 389 4094; x_wconf 87' lang='lat' dir='ltr'>venire</span> <span class='ocrx_word' id='word_1_330' title='bbox 417 4043 497 4094; x_wconf 84' lang='lat' dir='ltr'>antea</span> <span class='ocrx_word' id='word_1_331' title='bbox 523 4035 722 4108; x_wconf 84' lang='lat' dir='ltr'>presumpserit</span> <span class='ocrx_word' id='word_1_332' title='bbox 749 4036 910 4109; x_wconf 88' lang='lat' dir='ltr'>priusquam</span> <span class='ocrx_word' id='word_1_333' title='bbox 931 4036 966 4093; x_wconf 82' lang='lat' dir='ltr'>acl</span> <span class='ocrx_word' id='word_1_334' title='bbox 984 4035 1106 4108; x_wconf 76' lang='lat' dir='ltr'>iudicem</span> <span class='ocrx_word' id='word_1_335' title='bbox 1127 4049 1207 4091; x_wconf 90' lang='lat' dir='ltr'>suum</span> 
     </span>
     <span class='ocr_line' id='line_1_37' title="bbox 149 4131 1208 4208; baseline -0.004 -16"><span class='ocrx_word' id='word_1_336' title='bbox 149 4138 240 4205; x_wconf 85' lang='lat' dir='ltr'>vadat,</span> <span class='ocrx_word' id='word_1_337' title='bbox 264 4136 310 4208; x_wconf 92' lang='lat' dir='ltr'>qui</span> <span class='ocrx_word' id='word_1_338' title='bbox 333 4135 462 4190; x_wconf 86' lang='lat' dir='ltr'>habuerit</span> <span class='ocrx_word' id='word_1_339' title='bbox 481 4134 567 4199; x_wconf 89' lang='lat' dir='ltr'>unde,</span> <span class='ocrx_word' id='word_1_340' title='bbox 591 4140 733 4207; x_wconf 84' lang='lat' dir='ltr'>conponat</span> <span class='ocrx_word' id='word_1_341' title='bbox 746 4134 851 4191; x_wconf 83' lang='lat' dir='ltr'>solidos</span> <span class='ocrx_word' id='word_1_342' title='bbox 869 4132 1088 4207; x_wconf 75' lang='lat' dir='ltr'>qulnquaginta:</span> <span class='ocrx_word' id='word_1_343' title='bbox 1110 4137 1139 4189; x_wconf 88' lang='lat' dir='ltr'>&#39;et</span> <span class='ocrx_word' id='word_1_344' title='bbox 1159 4131 1208 4205; x_wconf 90' lang='lat' dir='ltr'>qui</span> 
     </span>
     <span class='ocr_line' id='line_1_38' title="bbox 150 4231 1208 4304; baseline -0.003 -15"><span class='ocrx_word' id='word_1_345' title='bbox 150 4250 208 4290; x_wconf 90' lang='lat' dir='ltr'>uon</span> <span class='ocrx_word' id='word_1_346' title='bbox 230 4233 358 4290; x_wconf 87' lang='lat' dir='ltr'>habuerit</span> <span class='ocrx_word' id='word_1_347' title='bbox 376 4232 452 4288; x_wconf 88' lang='lat' dir='ltr'>unde</span> <span class='ocrx_word' id='word_1_348' title='bbox 473 4247 657 4304; x_wconf 84' lang='lat' dir='ltr'>conponere,</span> <span class='ocrx_word' id='word_1_349' title='bbox 687 4233 814 4304; x_wconf 87' lang='lat' dir='ltr'>juvemus</span> <span class='ocrx_word' id='word_1_350' title='bbox 841 4238 871 4288; x_wconf 91' lang='lat' dir='ltr'>ut</span> <span class='ocrx_word' id='word_1_351' title='bbox 890 4247 953 4288; x_wconf 87' lang='lat' dir='ltr'>eum</span> <span class='ocrx_word' id='word_1_352' title='bbox 975 4231 1098 4289; x_wconf 84' lang='lat' dir='ltr'>instetur.</span> <span class='ocrx_word' id='word_1_353' title='bbox 1140 4231 1208 4286; x_wconf 85' lang='lat' dir='ltr'>ldeo</span> 
     </span>
     <span class='ocr_line' id='line_1_39' title="bbox 149 4327 1208 4403; baseline -0.004 -16"><span class='ocrx_word' id='word_1_354' title='bbox 149 4333 276 4388; x_wconf 86' lang='lat' dir='ltr'>volumus</span> <span class='ocrx_word' id='word_1_355' title='bbox 297 4339 328 4388; x_wconf 92' lang='lat' dir='ltr'>ut</span> <span class='ocrx_word' id='word_1_356' title='bbox 348 4329 429 4387; x_wconf 90' lang='lat' dir='ltr'>vadat</span> <span class='ocrx_word' id='word_1_357' title='bbox 448 4330 638 4403; x_wconf 90' lang='lat' dir='ltr'>unusquisque</span> <span class='ocrx_word' id='word_1_358' title='bbox 659 4329 693 4386; x_wconf 91' lang='lat' dir='ltr'>ad</span> <span class='ocrx_word' id='word_1_359' title='bbox 712 4329 835 4403; x_wconf 85' lang='lat' dir='ltr'>judicem</span> <span class='ocrx_word' id='word_1_360' title='bbox 856 4345 946 4396; x_wconf 89' lang='lat' dir='ltr'>suum,</span> <span class='ocrx_word' id='word_1_361' title='bbox 971 4335 1000 4386; x_wconf 85' lang='lat' dir='ltr'>ct</span> <span class='ocrx_word' id='word_1_362' title='bbox 1013 4329 1148 4403; x_wconf 84' lang='lat' dir='ltr'>percipiat</span> <span class='ocrx_word' id='word_1_363' title='bbox 1164 4327 1208 4401; x_wconf 79' lang='lat' dir='ltr'>ju·</span> 
     </span>
    </p>
   </div>
   <div class='ocr_carea' id='block_1_4' title="bbox 151 4425 997 4580">
    <p class='ocr_par' dir='ltr' id='par_1_4' title="bbox 151 4425 997 4580">
     <span class='ocr_line' id='line_1_40' title="bbox 151 4425 652 4501; baseline -0.004 -17"><span class='ocrx_word' id='word_1_364' title='bbox 151 4427 254 4484; x_wconf 80' lang='lat' dir='ltr'>dicium</span> <span class='ocrx_word' id='word_1_365' title='bbox 276 4428 334 4501; x_wconf 73' lang='lat' dir='ltr'>ejus</span> <span class='ocrx_word' id='word_1_366' title='bbox 353 4425 475 4500; x_wconf 81' lang='lat' dir='ltr'>qualiter</span> <span class='ocrx_word' id='word_1_367' title='bbox 494 4429 539 4484; x_wconf 87' lang='lat' dir='ltr'>len</span> <span class='ocrx_word' id='word_1_368' title='bbox 561 4425 652 4484; x_wconf 82' lang='lat' dir='ltr'>luerit.</span> 
     </span>
     <span class='ocr_line' id='line_1_41' title="bbox 951 4522 997 4580; baseline 0 -18"><span class='ocrx_word' id='word_1_369' title='bbox 951 4522 997 4580; x_wconf 72' lang='lat' dir='ltr'>ps</span> 
     </span>
    </p>
   </div>
   <div class='ocr_carea' id='block_1_5' title="bbox 0 0 1622 5222">
    <p class='ocr_par' dir='ltr' id='par_1_5' title="bbox 0 0 1622 5222">
     <span class='ocr_line' id='line_1_42' title="bbox 0 0 1622 5222; baseline 0 0"><span class='ocrx_word' id='word_1_370' title='bbox 0 0 1622 5222; x_wconf 95' lang='lat' dir='ltr'> </span> 
     </span>
    </p>
   </div>
  </div>
 </body>
</html>
