3172 5228
587 988 820 1086 lucubri

246 1339 248 1348 Α
388 1236 487 1324 ron
516 1237 950 1336 rrnouusnnroa
977 1241 1011 1326 s.
1065 1147 1074 1166 .

230 1557 288 1624 Vir
310 1578 450 1627 summae
473 1559 670 1640 eruditionis,
694 1557 804 1630 donas
819 1557 948 1631 dmolus
962 1558 1060 1633 baudi
1076 1578 1095 1633 a
1109 1561 1229 1650 lasne,

174 1701 267 1784 regni
290 1701 454 1770 Sardiniae
473 1701 616 1783 Senator,
641 1701 831 1785 inclitaeque
849 1703 1038 1770 Academiae
1055 1704 1231 1772 Taurinen-

172 1843 216 1911 sis
239 1843 354 1910 sodalis
376 1844 601 1926 benemeritus,
624 1845 905 1928 Langobardorum
927 1845 1050 1930 Regum
1072 1847 1160 1930 leges
1185 1847 1225 1916 ad

173 1983 464 2074 antiquissimorum
487 1991 520 2052 et
542 1987 732 2069 optimorum
749 1987 904 2054 librorum
916 1986 1011 2056 fidem
1025 1988 1228 2073 integriores,

174 2147 266 2211 quarn
281 2105 415 2194 antehac
430 2127 629 2211 prodierunt,
644 2129 827 2211 nuperrime
844 2131 1007 2214 Augustae
1017 2129 1228 2196 Taurinorum

174 2270 282 2352 edidit,
306 2275 340 2338 et
361 2270 394 2335 in
417 2270 584 2354 pristinam
607 2276 641 2337 et
658 2270 828 2354 genuinam
846 2269 978 2338 formam
993 2291 1078 2338 nunc
1090 2272 1227 2355 primum

173 2410 266 2478 restit
291 2412 323 2479 ·t.
368 2413 461 2480 Docti
479 2413 562 2496 juris
584 2413 704 2480 veteris
721 2411 910 2479 Germanici
941 2417 1134 2504 scrutatores
1161 2415 1227 2497 Jam

173 2554 291 2621 dudum
312 2554 406 2638 hujus
430 2555 535 2640 operis
560 2555 717 2624 desiderio
739 2556 942 2623 tenebantur.
982 2554 1131 2623 Attamen
1155 2575 1227 2623 cum

174 2696 271 2764 editio
294 2697 451 2781 ejusdem,
482 2717 501 2764 a
529 2697 680 2765 societate
711 2699 751 2765 ad
779 2699 903 2765 edenda
930 2697 1082 2765 historiae
1105 2699 1227 2782 patriae
1282 2735 1285 2742 ·

172 2845 377 2907 monumenta
406 2840 523 2907 ibidem
553 2840 738 2922 constituta,
769 2844 939 2923 procurata
968 2840 1001 2906 in
1029 2841 1227 2924 paucissimis

172 2987 296 3049 tantum
327 2983 558 3066 exemplaribus
585 2982 756 3066 prodierit,
789 3001 926 3067 raroque
948 2982 1076 3065 Alpium
1103 2988 1227 3049 montes

172 3124 461 3209 transmigraverit,
500 3125 604 3193 denuo
640 3143 708 3192 eam
743 3145 808 3193 una
836 3143 907 3191 cum
937 3122 1059 3192 Codicis
1089 3122 1228 3191 Gotbani

175 3241 310 3336 anobis
339 3269 372 3336 in
401 3269 503 3352 specti
538 3267 727 3336 lectionibus
756 3267 870 3349 variis,
902 3266 987 3352 typis
1020 3267 1228 3351 repetendam

173 3411 360 3482 curavimus.

261 3625 383 3695 Dabam
405 3624 615 3694 Vratislaviae
638 3622 784 3693 Calendis
807 3623 899 3693 Juliis
922 3621 1142 3694 MDCOOLVI.
