3170 5218
471 487 609 532 coruscas
633 485 698 534 exe.
717 481 737 526 'e
751 483 827 526 -ro,
1005 534 1007 541 ,
1145 465 1208 531 ltu

151 655 195 695 res
215 635 322 708 iecerit,
347 644 375 694 et
394 637 430 694 ad
450 637 575 694 scrivane
585 629 700 710 publico
719 637 850 711 scriptam
866 637 946 694 tela
963 635 1080 694 testibus
1098 635 1208 694 idoneis

62 805 63 808 Ἴ
150 737 309 796 roboratam
329 735 421 806 fuerit,
444 742 472 792 et
492 741 548 792 tam
568 735 628 808 ipse
649 735 771 792 vinditor
788 750 927 808 quamque
949 741 977 790 et
994 741 1077 791 testes
1098 735 1127 790 in
1149 735 1208 807 ipsa

150 835 254 891 cartola
274 833 489 904 subscripserint
509 840 556 890 aut
576 849 674 889 manus
696 833 851 906 posuerint,
874 838 902 888 et
922 831 1159 888 manifestaverint
1179 833 1208 888 in

149 933 209 1004 ipsa
230 915 334 988 cartola
354 931 429 1004 quod
451 931 571 1003 pretium
593 930 735 987 intereos
756 937 887 988 statutum
906 929 1085 1002 suscepissit:
1109 929 1132 986 si
1146 933 1208 1003 pul·

149 1036 223 1087 satus
251 1029 334 1084 fuerit
360 1033 457 1102 postea
484 1035 594 1102 emptor
615 1029 691 1101 quod
712 1029 831 1102 pretium
853 1027 944 1100 ipsum
965 1041 1022 1082 non
1044 1029 1206 1102 conplessit,

149 1133 351 1185 sacramentum
372 1126 473 1183 exinde
495 1137 553 1182 non
576 1127 727 1199 procedat;
756 1127 808 1184 nisi
829 1126 900 1182 torte
921 1125 981 1198 ipse
1002 1125 1028 1182 ei
1049 1141 1100 1198 per
1119 1127 1208 1186 nadis
1235 1178 1238 1184 ,

149 1224 292 1294 obligavit,
316 1223 435 1296 prendat
454 1223 646 1296 fidejussorem
666 1239 755 1292 suum.
833 1205 834 1212 ἵ

229 1319 286 1395 (V.)
308 1323 346 1378 a.
375 1321 405 1377 Si
427 1322 489 1393 quis
507 1322 593 1394 judex
615 1327 663 1378 aut
683 1323 865 1395 quiscumque
886 1321 971 1377 homo
992 1319 1114 1376 missum·
1127 1320 1216 1378 suum'

149 1419 270 1489 dirigere
291 1419 491 1492 presumpserit
507 1421 606 1489 Roma,
624 1421 767 1491 Ravenna,
788 1419 907 1492 Spoleti,
926 1419 1099 1489 Benevento,
1122 1418 1208 1476 ursa-

149 1517 202 1586 cio,
226 1515 367 1588 Bajoaria,
391 1517 603 1588 Alamanniam,
627 1517 715 1574 Ritias
735 1523 782 1573 aut
802 1516 832 1572 in
854 1515 955 1572 Avaria
975 1515 1037 1571 sine
1057 1515 1131 1586 regis
1149 1517 1207 1588 jos·

149 1614 277 1682 sionem,
306 1615 399 1671 anime
420 1632 468 1671 sue
489 1615 612 1673 incurrat
633 1616 787 1688 pericolum
809 1622 837 1671 et
857 1631 900 1671 res
921 1615 980 1686 ejus
999 1614 1175 1672 infiscentur.

215 1710 301 1786 affl.)
321 1714 384 1771 lt).
406 1713 595 1783 cognovimus
615 1713 691 1769 euim
713 1712 789 1786 quod
811 1727 862 1784 per
873 1712 997 1782 singulas
1013 1710 1130 1768 civitatis
1141 1712 1207 1770 mall

148 1811 277 1866 homines
297 1825 377 1866 raras
399 1816 426 1865 et
446 1809 628 1866 adunationes
649 1816 746 1866 eontra
763 1809 887 1882 judicem
907 1823 986 1864 suum
1008 1810 1147 1880 agendum
1168 1811 1208 1866 ia-

148 1907 271 1964 ciebant.
296 1907 351 1962 Sed
365 1907 402 1963 ita
417 1907 561 1964 statuimus
579 1924 664 1978 nunc,
678 1914 718 1984 ut
738 1908 761 1964 si
782 1906 903 1964 admodo
918 1907 1101 1979 quiscumque
1122 1907 1207 1964 homo

148 1999 348 2062 adunationem
369 2021 433 2061 cum
454 2011 585 2077 quattuor
605 2007 647 2061 vel
673 2009 798 2078 quinque
819 2012 866 2060 aut
886 2003 1005 2076 amplios
1026 2005 1147 2062 hominis
1168 2005 1208 2061 ie-

148 2103 234 2172 cerit,
267 2102 388 2159 dicendo
410 2102 486 2174 quod
508 2103 679 2159 voluntatem
706 2103 793 2175 judici
819 2103 862 2159 sui
884 2118 941 2157 non
964 2101 1044 2158 iaciat
1065 2117 1138 2175 quae
1158 2103 1207 2158 illo

147 2201 173 2257 ei
195 2207 269 2258 recte
289 2199 410 2268 diderit,
443 2201 546 2256 autad
567 2201 626 2272 ejus
644 2201 780 2272 judicium
801 2218 858 2257 non
882 2200 980 2270 vadat,
1012 2200 1156 2257 conlidens
1176 2201 1206 2257 in

148 2299 263 2371 alicujus
283 2297 456 2371 patrocinio,
485 2304 514 2354 et
539 2297 608 2354 alios
639 2297 712 2354 circa
733 2313 763 2354 se
792 2299 944 2369 adgregare
965 2299 1083 2356 voluerit
1102 2304 1133 2354 ut
1152 2299 1206 2371 ipsi

147 2395 275 2455 similiter
305 2395 424 2452 iaciant:
457 2402 600 2468 conponat
629 2396 700 2452 sicut
725 2397 849 2452 anterior
868 2396 984 2453 Edictus
1012 2397 1047 2452 de
1068 2385 1206 2453 seditione

147 2499 244 2550 conua
262 2493 384 2566 judicem
406 2510 486 2551 suum
507 2494 595 2550 lerata
616 2493 760 2550 continere
781 2494 897 2555 ridetur.
930 2494 960 2550 Si
981 2510 1047 2552 vero
1069 2494 1104 2550 de
1125 2510 1207 2552 causa

147 2591 221 2662 regis
242 2591 347 2664 aliquid
369 2575 461 2648 dicere
479 2591 615 2660 voluerit,
645 2591 681 2649 sit
701 2593 726 2649 ei
747 2591 890 2649 licentiam
910 2591 1042 2648 veniendi
1068 2592 1103 2648 ad
1130 2593 1207 2666 pala·

147 2691 235 2753 tium3
257 2695 284 2744 et
304 2689 327 2744 si
348 2705 535 2762 superquam
557 2673 659 2745 dixerit
679 2690 822 2747 veritatem
844 2690 1055 2764 adprooaverit,
1085 2686 1122 2746 sit
1140 2706 1207 2758 eon-

147 2787 293 2844 demnatus
314 2789 359 2844 oui
380 2786 554 2859 adprooavit,
577 2793 605 2845 et
625 2787 756 2860 suscipiat
776 2787 944 2845 sententiam
964 2788 1118 2846 secundum
1140 2804 1208 2860 qua·

146 2885 253 2940 litatem
285 2902 386 2954 cause,
416 2884 488 2940 sicut
514 2885 638 2941 anterior
653 2885 773 2942 *Edictus
801 2885 941 2942 contenit:
971 2892 999 2942 et
1019 2885 1042 2942 si
1062 2885 1206 2942 veritatem

147 2982 299 3054 adprovare
321 2999 377 3038 uon
399 2972 537 3054 potuerit,
561 2983 609 3038 fiat
630 2983 656 3038 ei
677 2983 757 3039 datus
777 2984 805 3038 in
827 2999 925 3039 manus
946 2998 1009 3038 cum
1030 2981 1115 3038 rebus
1135 2982 1203 3053 suis,

105 3132 107 3136 .
147 3085 176 3135 et
196 3071 278 3136 iaciat
298 3081 332 3136 de
354 3097 387 3136 eo
409 3079 487 3154 quod
513 3080 638 3138 voluerit.
681 3079 820 3135 Violentia
848 3079 962 3152 quidem
991 3078 1014 3134 si
1045 3078 1207 3157 sustinuerit

147 3177 248 3250 aliquis
269 3185 315 3234 aut
336 3165 493 3251 ajudicem
515 3194 614 3246 suum,
646 3184 693 3233 aut
719 3177 755 3232 ab
769 3177 862 3246 alium
883 3174 1044 3246 hominem,
1067 3182 1096 3232 et
1118 3177 1206 3250 judex

147 3277 301 3347 neglexerit
317 3276 464 3348 judicare,
500 3275 615 3332 forsitan
642 3275 799 3332 adtenderit
828 3275 863 3331 ad
884 3274 1012 3346 gasindio
1033 3291 1083 3340 suo
1105 3277 1148 3332 vel
1170 3276 1204 3331 ad

146 3381 291 3447 parentem
312 3354 414 3430 autad
436 3373 555 3430 amioum
576 3389 656 3430 suum
677 3374 719 3429 vel
741 3374 775 3429 ad
797 3373 956 3452 premium,
985 3380 1013 3429 et
1033 3374 1124 3444 legem
1146 3391 1203 3430 non

142 3472 321 3546 judicaverit:
346 3480 411 3528 tunc
432 3472 525 3528 veniat
544 3472 581 3527 ad
601 3471 714 3545 palatio,
739 3478 766 3527 et
786 3471 912 3527 reclamit
932 3487 980 3528 sua
1002 3471 1154 3539 violentia;
1177 3480 1205 3528 et

146 3569 168 3626 si
191 3570 339 3643 probatum
359 3574 459 3644 suerit,
487 3591 544 3630 non
567 3579 733 3646 conputetur
753 3573 782 3629 in
804 3573 1002 3630 adunationem
1023 3574 1049 3628 ei
1071 3573 1118 3647 qui
1140 3591 1206 3646 pro-

146 3670 292 3742 clamavit,
324 3672 372 3728 sed
394 3673 453 3745 ipse
471 3673 558 3745 judex
579 3677 721 3744 conponat
740 3671 878 3742 widrigild
900 3687 997 3740 suum,
1028 3671 1204 3730 medietatem

145 3768 205 3838 regi
227 3775 254 3824 et
274 3760 451 3826 medietatem
472 3770 497 3826 ei
520 3771 718 3843 deijustitiam
739 3770 895 3840 denegavit,
918 3776 947 3826 et
964 3770 1102 3826 honorem
1123 3786 1203 3827 suum

146 3866 261 3924 amittat.
283 3868 453 3924 Arimannus
469 3868 583 3942 quidem
598 3869 645 3925 ille
667 3868 689 3924 si
708 3867 848 3924 mentierit
863 3856 891 3923 e't
908 3867 1005 3924 dolose
1022 3867 1076 3923 hoc
1090 3867 1201 3938 dixerit,

146 3971 174 4020 et
201 3964 225 4020 si
245 3971 327 4021 actea
347 3966 454 4022 venerit
480 3967 515 4024 ad
536 3967 686 4039 palatium,
720 3983 804 4040 quam
824 3966 859 4022 ad
877 3965 1001 4038 judicem
1022 3981 1102 4023 suum
1122 3967 1203 4024 vadat

146 4062 182 4119 ad
206 4061 360 4135 judicium:
399 4066 422 4121 si
451 4065 578 4122 habuerit
606 4065 682 4129 unde
713 4081 893 4138 conponere,
925 4072 1067 4136 conponat
1098 4066 1204 4122 solidos

147 4160 366 4234 quinquaginta,
400 4164 577 4222 medietatem
599 4163 658 4235 regi
685 4171 713 4220 et
733 4162 911 4220 medietatem
928 4163 1016 4235 judici
1037 4179 1103 4228 suu;
1133 4171 1161 4219 et
1181 4163 1204 4220 si

37 4327 41 4336 Ι
146 4259 207 4315 talis
234 4259 318 4316 homo
346 4260 445 4332 luerit,
477 4263 525 4336 qui
556 4279 612 4318 noo
636 4261 737 4319 habeat
762 4262 836 4318 unde
859 4278 1039 4335 conponere,
1072 4262 1204 4336 suscipiat
1257 4273 1259 4278 ·

147 4358 334 4431 disciplinam,
358 4366 388 4416 ut
413 4361 523 4436 etipse
554 4359 716 4419 emendatus
741 4361 799 4431 liat,
827 4365 855 4416 et
882 4359 930 4417 alii
955 4359 1010 4418 hoc
1030 4361 1120 4420 lacere
1145 4378 1202 4420 uon

146 4464 294 4530 presumat.
