3172 5228
484 539 622 583 ruveron
646 537 711 585 car.
728 532 765 580 vor
781 545 808 562 a
822 532 867 577 ror.
1149 521 1189 584 93

138 695 327 766 oopnocimns3
349 698 374 747 ct
392 707 465 746 nnnc
485 691 603 760 quiden,
622 696 733 759 propter
747 689 867 759 vincolas
882 691 1037 746 cenationes
1057 709 1107 762 qne
1118 694 1190 748 inter

138 792 256 848 nomines
276 792 411 855 orinntm,
433 789 614 860 perspeximus
635 788 716 842 eticn
735 793 760 841 et
779 788 858 841 nodo
872 788 1020 859 adinnpere
1040 806 1090 860 qne
1110 807 1200 863 opor-¹

138 897 204 945 tuno
225 905 278 944 erre
296 889 453 959 prodantur.
493 886 530 941 Et
549 888 590 941 ita
609 885 751 941 rtotnimnr
772 887 1035 954 concoctiones,
1057 895 1087 944 nt
1107 906 1125 944 o
1147 891 1213 946 die.

137 989 189 1042 irto
208 987 384 1042 kalendorum
403 987 576 1051 neortiocnvn,
599 998 672 1038 anno
691 984 770 1054 renni
789 986 886 1052 nostri,
910 981 968 1040 Deo
988 989 1116 1057 propitio,
1149 1007 1190 1044 ee-

135 1086 222 1156 ptimo
241 1086 352 1147 decimo,
376 1085 524 1139 indictione
544 1082 711 1148 duodecino,
735 1082 773 1136 eie
793 1082 887 1138 dolcat
907 1085 1019 1138 deictis
1039 1087 1127 1141 constr
1141 1088 1190 1158 jn-

140 1183 241 1237 dicirnn
259 1184 416 1252 procedere3
438 1195 503 1234 nom
524 1180 596 1248 qnod
616 1185 696 1234 anteo
707 1183 808 1234 statrdo
821 1188 893 1244 anni,
916 1182 996 1236 modo
1014 1184 1128 1237 menime
1147 1199 1190 1239 ee-

137 1280 290 1336 coloontnr.
335 1277 409 1346 Qnio
427 1278 505 1332 nolis
524 1278 564 1330 eie
583 1277 701 1331 rmntitit
721 1293 780 1332 crem
799 1280 898 1333 nostrie
921 1279 1061 1350 judicibus
1081 1288 1137 1335 tem
1159 1283 1192 1336 de

138 1373 251 1434 Andria
270 1384 295 1433 et
314 1373 451 1438 Nenrtrio,
475 1381 499 1430 et
520 1376 552 1428 de
574 1372 685 1428 Tusciae
703 1375 836 1444 partibus,
858 1377 900 1430 oet
919 1393 979 1432 enm
1003 1380 1095 1433 ceteris
1115 1377 1190 1438 Lon·

138 1476 266 1546 pobordis
285 1475 407 1545 fideliores
426 1474 544 1528 nostris:
566 1473 597 1526 id
618 1478 656 1527 cst
676 1473 707 1526 in
724 1471 822 1542 prinis

218 1569 263 1645 (l.)
286 1574 373 1629 104.
395 1569 425 1626 Si
446 1585 540 1626 servus
560 1568 757 1641 cujuscumque
777 1569 883 1626 habens
904 1571 1056 1642 legitimam
1077 1589 1193 1631 onorem

139 1677 166 1725 et
186 1672 268 1726 aliam
289 1668 419 1727 ancillam
439 1682 522 1739 super
549 1682 610 1723 eam
640 1667 765 1732 duxerit,
799 1675 941 1740 conponat
970 1669 1101 1727 dominus
1121 1671 1192 1728 servi
1233 1672 1237 1679 '

139 1767 209 1824 sicut
229 1768 329 1825 Edicto
350 1765 385 1822 de
407 1764 542 1822 adulterio
564 1764 690 1821 contenit
709 1765 736 1821 ei
758 1765 834 1838 cujus
850 1766 981 1823 ancillam
997 1774 1092 1840 postea
1114 1769 1191 1835 tulit3

139 1866 240 1922 ancilla
261 1882 326 1922 vero
347 1865 407 1938 ipsa
427 1881 478 1938 pro
499 1862 611 1920 inlecita
632 1863 841 1935 presumptione
863 1863 981 1937 accipiat
1001 1867 1083 1923 talem
1110 1866 1195 1924 disci·

139 1962 244 2035 plinam
266 1981 281 2020 a
302 1963 418 2020 domino
438 1979 488 2018 suo
511 1961 540 2018 iu
561 1959 702 2033 presentia
723 1961 758 2017 de
788 1953 911 2018 domino
930 1962 1018 2033 servi,
1051 1970 1081 2019 ut
1111 1963 1193 2021 aliam

140 2060 271 2118 ancillam
291 2061 345 2117 hoc
362 2061 457 2116 lacere
478 2075 535 2115 uon
558 2065 705 2132 presumat.

220 2157 282 2234 (II.)
311 2159 398 2217 105.
429 2159 470 2214 De
491 2157 534 2213 his
556 2157 603 2230 qui
624 2158 659 2212 de
680 2155 794 2213 inlecito
815 2157 995 2214 matrimonio
1016 2166 1081 2214 ante
1102 2166 1196 2234 tempo

141 2257 199 2314 nati
220 2265 294 2325 sunt,
318 2263 345 2312 et
365 2256 405 2312 eis
425 2255 550 2325 legetimi
570 2254 661 2311 fratris
682 2254 723 2310 sui
735 2254 904 2311 voluntariae
925 2262 1032 2327 partem
1046 2257 1194 2329 dederunt,

141 2353 180 2412 ita
200 2355 353 2423 statuimus,
377 2361 407 2410 ut
426 2353 449 2409 si
471 2353 496 2410 ei
518 2351 609 2409 fratris
629 2353 672 2408 sui
693 2352 817 2422 legetimi
833 2353 1004 2411 voluntariae
1022 2363 1127 2427 partem
1148 2358 1197 2412 de·

142 2451 252 2521 derunt,
276 2452 305 2509 in
326 2451 387 2524 ipso
409 2451 528 2507 deveant
546 2465 722 2523 permanere,
745 2458 777 2507 et
792 2467 840 2507 eos
861 2451 1051 2509 exhaereditare
1072 2453 1195 2510 menime

143 2551 280 2616 demente
309 2563 373 2606 nam
403 2555 485 2621 pater
507 2564 564 2604 non
586 2549 673 2621 possit
700 2549 763 2605 illos
784 2548 912 2605 inlecitus
935 2565 1024 2623 neque
1046 2567 1096 2623 per
1117 2553 1196 2608 thina
1302 2604 1305 2612 .

142 2650 185 2705 vel
206 2665 257 2722 per
277 2648 472 2722 qualicumque
494 2646 656 2703 conludium
685 2647 796 2703 heredis
821 2647 976 2704 instituere.
1018 2649 1080 2706 Hoc
1105 2656 1196 2707 autem

142 2747 206 2803 ideo
228 2753 347 2803 statuere
367 2745 553 2819 previdemus,
578 2751 608 2801 ut
628 2761 726 2811 omnes
746 2744 832 2801 homo
854 2745 901 2819 qui
922 2748 979 2803 vult
993 2747 1109 2821 accipiat
1130 2763 1198 2805 oxo-

40 2838 48 2856 '
141 2858 201 2901 rem
221 2845 389 2916 legetimam,
414 2861 470 2901 uon
491 2844 618 2903 inlecitee
638 2851 765 2901 coutraat
786 2845 904 2918 nuptias.
936 2845 965 2902 Si
987 2854 1079 2903 autem
1100 2847 1197 2904 iratres

142 2959 199 2999 non
221 2951 294 3012 sunt,
317 2950 345 2999 et
365 2943 487 3016 parentis
507 2941 660 3015 propinqui
681 2942 791 2998 tuerent
811 2943 859 3014 qui
886 2948 1038 3014 potueruut
1063 2945 1195 3016 legetime

143 3042 178 3098 ad
201 3041 380 3098 hereditatem
400 3041 516 3109 venire,
539 3047 566 3096 et
586 3056 674 3112 usque
693 3039 781 3095 modo
802 3045 964 3105 tacuerunt,
988 3047 1096 3097 taceant
1116 3047 1144 3098 et
1164 3041 1193 3098 in

143 3147 240 3196 antee:
263 3147 290 3196 et
311 3139 415 3196 nullam
433 3137 553 3195 habeant
574 3143 670 3195 contre
692 3153 740 3193 eos
762 3137 809 3209 qui
827 3137 950 3210 possedit
970 3154 1020 3210 per
1040 3154 1094 3194 xxx
1108 3153 1199 3196 annos

144 3237 304 3307 leguntiiam
325 3236 478 3310 loquendi,
501 3235 621 3292 dicendo
642 3236 720 3308 quud
740 3235 878 3291 exherede
899 3250 960 3291 esse
981 3236 1119 3306 debeant,
1143 3237 1196 3294 nisi

144 3335 220 3408 quod
240 3351 291 3407 per
311 3351 365 3390 m
386 3349 475 3391 annos
496 3334 691 3405 possederunt,
714 3333 891 3406 possedeant.
1173 3339 1176 3346 '

225 3432 299 3505 llll.)
330 3433 419 3489 loe.
451 3431 481 3487 Si
502 3431 565 3504 quis
585 3431 695 3488 aldiane
716 3431 836 3489 alienam
863 3437 910 3488 aut
929 3447 1006 3488 suam
1027 3433 1063 3489 ad
1083 3449 1197 3490 onorem

101 3563 103 3568 ·
144 3533 242 3587 tollere
262 3528 394 3599 vuluerit,
419 3528 499 3586 iaciat
518 3545 581 3585 eam
602 3528 768 3599 widribora,
792 3529 864 3586 sicut
882 3529 997 3587 Edictus
1017 3531 1142 3588 contenit
1162 3531 1197 3588 de

145 3629 290 3692 ancillam
318 3644 382 3684 uam
403 3627 451 3700 qui
472 3627 532 3682 sine
553 3626 612 3699 ipsa
634 3627 812 3684 ordinatione
833 3644 895 3684 eam
916 3628 994 3701 quasi
1016 3643 1130 3686 uxorem
1152 3630 1199 3686 ha·

145 3728 247 3795 buerit,
270 3726 320 3783 lilii
342 3725 389 3798 qui
411 3741 446 3780 ex
467 3741 499 3780 ea
520 3724 578 3780 nati
595 3725 705 3780 luerent
721 3721 777 3781 n'on
789 3727 846 3782 sint
857 3726 980 3797 legetimi
991 3724 1039 3782 sed
1055 3718 1196 3784 naturalis.

225 3821 320 3898 (llil.)
341 3823 425 3882 tut.
447 3823 476 3878 Si
498 3824 589 3894 plures
606 3823 733 3880 homenis
750 3825 882 3881 cartolam
899 3825 1109 3882 convenientiae
1125 3825 1200 3882 inter

145 3943 174 3982 se
196 3925 327 3991 fecerent,
350 3927 378 3976 et
396 3937 489 3994 poena
508 3929 669 3992 posuerent,
693 3929 721 3978 et
742 3929 836 3994 postea
858 3933 940 3992 unus,
963 3923 1042 3991 duos,
1065 3927 1111 3979 aut
1133 3930 1197 3994 tres,

145 4024 186 4079 vel
208 4021 326 4094 amplius
347 4035 375 4075 se
396 4019 432 4075 de
452 4019 512 4092 ipsa
533 4018 756 4078 convenientiam
778 4020 920 4076 subtraere
941 4037 971 4076 se
990 4022 1133 4077 voluerant
1153 4028 1200 4077 aut

147 4135 238 4192 poena
258 4124 429 4191 rupperent:
460 4117 651 4190 uuusquisque
680 4133 731 4191 per
757 4125 841 4190 eaput
866 4123 1008 4191 conponat
1028 4119 1087 4190 ipsa
1108 4135 1198 4192 poena

147 4233 230 4290 quam
251 4220 403 4294 posuerunt
423 4213 452 4270 in
473 4215 627 4287 integrum,
660 4216 725 4288 quia
755 4232 851 4272 omnes
877 4215 1057 4273 unianimiter
1081 4234 1198 4274 consen·

147 4321 261 4384 serunt,
293 4321 321 4370 et
349 4312 441 4368 nullus
469 4319 516 4368 eos
536 4312 681 4385 imperavit
704 4313 769 4369 *talis
790 4329 901 4370 oausam
921 4313 1033 4378 iacere;
1065 4315 1129 4370 ideo
1149 4331 1200 4388 per

149 4418 232 4486 caput
253 4419 415 4486 conponant
434 4412 483 4484 qui
503 4419 638 4487 ruperunt
658 4411 718 4485 ipsa
739 4427 850 4485 poena,
884 4411 956 4469 sicut
981 4426 1032 4484 per
1051 4419 1133 4485 caput
1152 4428 1200 4469 vu·

147 4509 283 4569 loutariae
304 4516 515 4570 consenserunt.
