3170 5218
497 455 634 501 uurcruu
655 455 723 500 oar.
738 451 776 496 ln
791 473 818 482 -
831 451 879 494 rar.
1155 437 1216 503 109

159 605 329 678 quem'viri,
353 613 545 664 exercuerunt.
576 607 650 662 Dum
670 613 763 662 autem
784 607 837 662 hoo
858 606 892 662 ad
915 623 968 662 nos
988 605 1168 679 pervenissit,
1191 613 1219 663 et

158 703 212 777 ipsi
233 704 361 763 homines
376 720 428 776 pro
446 719 495 761 sua
511 705 642 762 violentia
658 705 705 776 qui
721 704 812 761 minus
831 705 967 778 potebant
983 705 1215 776 interpellabant:

159 802 196 859 ita
207 803 410 876 'prospeximus
431 803 459 859 in
473 802 526 860 hoc
536 803 636 866 Edicto
653 803 786 872 adfigere,
811 810 840 858 ut
858 803 881 858 si
899 804 1000 858 amodo
1018 803 1149 860 mulieres
1165 802 1218 858 hoc
1262 880 1265 884 ¹

160 901 250 957 lacere
282 901 310 957 in
334 902 537 974 qualecumque
558 902 651 957 locum
672 900 907 972 presumpserint,
939 900 1059 972 primum
1091 901 1216 958 omnium

159 998 346 1068 decernimus,
368 1006 399 1054 ut
419 997 442 1054 si
464 998 679 1071 aliquainjuria‚
703 997 1024 1070 autobprobriumpaut
1043 999 1148 1070 plagas,
1172 1007 1219 1060 aut

159 1096 267 1167 feritas,
289 1104 336 1152 aut
355 1102 475 1152 mortem
496 1096 533 1151 ibi
556 1095 733 1168 acceperint,
758 1095 827 1151 nihil
850 1096 883 1152 ad
906 1093 979 1168 ipsas
1000 1098 1148 1172 mulieres,
1171 1105 1218 1153 aut

158 1194 194 1250 ad
214 1195 287 1251 viros
303 1200 355 1250 'aul
375 1193 410 1250 ad
431 1194 582 1250 mundoald
605 1209 699 1249 earum
721 1201 863 1264 conponat
883 1193 930 1250 ille
952 1193 999 1265 qui
1021 1209 1049 1249 se
1065 1193 1218 1250 defenden-

158 1292 225 1348 dum
252 1293 291 1348 eis
318 1293 411 1364 aliqua
439 1292 535 1348 iecerit
554 1290 691 1360 lesionem
712 1299 759 1347 aut
786 1291 1011 1349 internicionem.
1054 1293 1170 1364 Insuper
1191 1300 1229 1349 et·

158 1391 295 1463 publicus,
320 1391 348 1447 in
371 1408 426 1464 quo
447 1393 510 1447 loco
527 1390 628 1446 iactum
646 1389 737 1457 luerit,
761 1388 972 1461 conprehendant
985 1391 1059 1462 ipsas
1074 1391 1215 1457 mulieres,

158 1497 185 1545 et
205 1489 285 1546 iaciat
305 1505 351 1546 eas
372 1489 515 1545 decalvare
537 1494 564 1543 et
580 1489 695 1544 irustare
715 1487 856 1560 persicos
873 1487 1128 1560 vicinantesipsius
1148 1487 1215 1556 loci,

157 1593 188 1642 ut
208 1587 244 1644 de
264 1595 357 1645 cetero
378 1587 510 1642 mulieres
531 1587 585 1642 tale
606 1585 711 1642 malitia
739 1585 830 1641 iacere
851 1603 914 1660 non
932 1593 1102 1658 presumant.
1136 1585 1216 1644 Etsi

156 1679 192 1740 in'
209 1685 267 1758 ipsa
290 1702 372 1742 cause
394 1685 487 1742 ieritas
508 1691 556 1740 eut
576 1685 671 1756 plagas
692 1683 809 1740 iecerint
829 1684 888 1756 ipse
903 1683 1216 1756 mulierescuicumque

157 1783 286 1850 homini,
316 1782 408 1842 mariti
436 1790 532 1839 earum
562 1790 725 1854 conponant
751 1781 825 1854 ipsas
846 1783 941 1854 plegae
962 1789 1008 1840 aut
1029 1782 1122 1839 feritas
1148 1797 1216 1855 ques

156 1881 215 1955 ipsa
237 1883 373 1951 lecerunt,
397 1881 551 1937 secundum
571 1879 664 1936 Edicti
687 1881 788 1944 tinore.
818 1880 880 1935 Hoc
902 1879 1079 1936 autemaideo
1102 1896 1217 1953 prospe-

155 1980 323 2036 ximus-tam
345 1979 380 2035 de
402 1979 579 2052 disciplinam
600 1995 682 2051 quam
704 1977 787 2034 etde
808 1978 1049 2050 conpositionem,
1071 1979 1135 2052 quia
1157 1996 1215 2035 non

154 2079 296 2150 potuimus
317 2077 465 2134 mulierum
487 2077 682 2133 collectionem
710 2078 744 2132 ad
766 2077 896 2134 arischild
918 2077 1093 2147 adsimilare,
1124 2094 1215 2151 neque

155 2176 190 2231 ed
206 2175 378 2232 »seditionem
399 2175 620 2244 rusticanorum,
644 2175 708 2248 quia
724 2175 795 2234 ¹istas
816 2192 911 2231 causas
932 2175 983 2231 viri
1007 2177 1126 2245 iaciunt,
1150 2193 1215 2233 nam

101 2341 105 2346 ·
156 2289 213 2328 non
233 2273 381 2330 mulieres:
413 2273 535 2345 ideoque
556 2273 597 2329 sic
617 2272 652 2328 de
673 2273 740 2345 ipsis
761 2273 923 2330 mulieribus
946 2273 1041 2342 iaciat,
1070 2271 1140 2356 siout
1160 2281 1215 2331 sta-

155 2369 258 2426 tuimus
279 2388 371 2443 supra.
401 2370 429 2426 Sl
452 2371 566 2444 quidem
587 2369 751 2442 simpliciter
772 2373 800 2427 in
822 2371 984 2427 scandalum
1006 2371 1214 2443 qualiscumque

154 2451 259 2524 mulier
275 2469 437 2539 cucurrerit,
460 2477 488 2524 et
507 2476 626 2525 mortem
642 2475 690 2524 aut
704 2470 798 2540 plagas
819 2469 862 2524 vel
879 2467 972 2525 feritas
989 2469 1028 2524 ibi
1044 2468 1212 2540 acceperint,

153 2565 193 2622 sic
215 2566 240 2622 ei
263 2559 345 2623 iaciat
361 2566 514 2638 justitiam,
544 2566 616 2623 sicut
644 2567 776 2622 decessor
794 2571 888 2622 noster
909 2566 1037 2622 Roruaur
1065 2583 1114 2622 rex
1136 2566 1214 2632 insti·

154 2663 206 2738 tuit
227 2669 254 2719 et
271 2645 412 2736 judicarit.
680 2651 681 2654 ¹
1237 2653 1241 2670 “

235 2761 326 2836 (ΠΗ.)
347 2765 430 2819 1144.
453 2760 483 2816 Si
505 2761 672 2834 quis-homo
694 2761 786 2817 sciens
807 2762 911 2819 aldium·
933 2768 979 2817 aut
1000 2761 1103 2820 eldiam
1124 2779 1212 2831 suam,

153 2877 263 2916 servum
291 2861 334 2916 vel
362 2857 492 2916 ancillam
512 2858 541 2914 in
555 2875 656 2947 ¹caeam
677 2859 875 2932 cujuscumque
896 2876 973 2930 esse,
1003 2866 1050 2916 aut
1071 2861 1214 2933 copolatus

153 2965 200 3014 aut
221 2957 311 3026 aliter,
335 2963 363 3014 et
384 2973 441 3012 non
464 2972 528 3012 cum
542 2957 707 3030 requesierlt
727 2964 774 3013 aut
793 2973 844 3029 per
858 2957 953 3029 judice
968 2964 1016 3012 eut
1027 2975 1078 3031 per
1088 2958 1211 3030 publico,

154 3063 182 3112 et
205 3073 261 3111 non
282 3071 347 3111 eum
368 3054 511 3124 retulerit,
543 3063 572 3110 et
598 3055 735 3112 dimiserit
755 3069 819 3110 eum
840 3054 913 3124 apud
934 3054 1051 3112 alterum
1072 3055 1213 3112 hominem

154 3153 257 3211 diutius
278 3169 457 3227 permanere:
490 3169 547 3208 non
576 3153 699 3225 requirat
720 3168 820 3223 operas
841 3167 954 3221 eorum,
983 3151 1048 3222 quia
1069 3152 1212 3209 sciendum

154 3251 278 3321 neglexit
298 3250 434 3324 requirire
459 3267 568 3307 serrum
589 3250 631 3305 vel
652 3249 793 3319 ancillam,
815 3248 921 3305 aldium
941 3255 988 3304 aut
1001 3249 1105 3306 aldiam
1124 3267 1212 3308 suam.

152 3349 223 3406 Nam
244 3347 267 3405 si
288 3348 462 3421 requisiverit
483 3348 613 3404 dominus
635 3364 742 3418 eorum,
766 3354 794 3404 et
814 3347 862 3404 ille
884 3346 932 3420 qui
955 3364 1004 3403 eos
1024 3347 1152 3404 habuerit
1168 3367 1215 3406 ne·
1250 3325 1255 3340 ⁸

154 3446 271 3517 glexerit
287 3447 403 3504 reddere
419 3445 658 3511 autanlesteterit,
681 3445 781 3502 reddat
797 3459 895 3519 operae
910 3462 1006 3503 eorum
1017 3447 1092 3504 sicut
1105 3449 1151 3504 lex
1161 3453 1211 3505 est.

492 3579 621 3620 nxrcrurr
642 3579 679 3618 nu
701 3567 776 3620 luno
795 3580 863 3623 xxu,

350 3801 476 3855 rucrurr
503 3801 547 3852 uu
575 3801 670 3854 nuno
694 3801 858 3855 ucusruo
879 3789 1015 3854 nunno.

375 3908 510 3975 (Kalendls
548 3912 660 3970 murillo,
697 3918 764 3960 anuo
789 3908 980 3968 DCCXXXU
1068 3959 1072 3968 ,

375 4014 568 4080 VOLUMEN
593 4015 771 4088 DECIMUM
796 4014 988 4089 QUlNTUM.

186 4118 188 4121 Ι
231 4136 267 4193 Io
286 4141 395 4195 nomine
413 4141 526 4198 Domini
545 4145 634 4197 nostri
651 4139 745 4197 Just!
764 4139 914 4196 CHRISTI
932 4158 979 4213 eqo
999 4141 1208 4214 Liotprond,

151 4237 401 4303 excellentissimos,
426 4241 688 4310 consciorumque
709 4239 852 4294 catholicos
872 4255 923 4295 reo
942 4241 1028 4311 pontis
1050 4239 1209 4311 Laoqobcr-

42 4359 45 4366 ⁴
154 4335 260 4399 dorum,
284 4335 431 4405 aujooqcre
447 4339 632 4407 praecidimus
652 4353 709 4392 una
734 4353 793 4393 eom
817 4339 957 4408 iudicibus
977 4345 1001 4392 ct
1020 4338 1141 4407 fidelibus
1160 4353 1209 4392 no·

154 4431 269 4488 siricio
288 4430 383 4488 Edicti
401 4435 525 4506 popina,
557 4451 630 4491 cono
650 4435 729 4508 repeti
748 4436 818 4501 mei,
849 4434 908 4490 Deo
926 4436 1062 4506 propitio,
1084 4436 1210 4490 coemo
