<?xml version="1.0" encoding="UTF-8"?>
<!DOCTYPE html PUBLIC "-//W3C//DTD XHTML 1.0 Transitional//EN"
    "http://www.w3.org/TR/xhtml1/DTD/xhtml1-transitional.dtd">
<html xmlns="http://www.w3.org/1999/xhtml" xml:lang="en" lang="en">
 <head>
  <title>
</title>
<meta http-equiv="Content-Type" content="text/html;charset=utf-8" />
  <meta name='ocr-system' content='tesseract 3.04.00' />
  <meta name='ocr-capabilities' content='ocr_page ocr_carea ocr_par ocr_line ocrx_word'/>
</head>
<body>
  <div class='ocr_page' id='page_1' title='image "./edictaregumlang01neiggoog_0143.png"; bbox 0 0 3198 5222; ppageno 0'>
   <div class='ocr_carea' id='block_1_1' title="bbox 381 503 1043 568">
    <p class='ocr_par' dir='ltr' id='par_1_1' title="bbox 381 503 1043 568">
     <span class='ocr_line' id='line_1_1' title="bbox 381 503 1043 568; baseline 0.003 -10"><span class='ocrx_word' id='word_1_1' title='bbox 381 503 442 568; x_wconf 63' lang='lat' dir='ltr'><strong>ffib</strong></span> <span class='ocrx_word' id='word_1_2' title='bbox 767 516 931 561; x_wconf 75' lang='lat' dir='ltr'><strong>nmsuunul</strong></span> <span class='ocrx_word' id='word_1_3' title='bbox 952 516 1043 562; x_wconf 80' lang='lat' dir='ltr'><strong>ulluls</strong></span> 
     </span>
    </p>
   </div>
   <div class='ocr_carea' id='block_1_2' title="bbox 308 663 1437 2780">
    <p class='ocr_par' dir='ltr' id='par_1_2' title="bbox 378 663 1437 1327">
     <span class='ocr_line' id='line_1_2' title="bbox 460 663 1435 744; baseline -0.008 -16"><span class='ocrx_word' id='word_1_4' title='bbox 460 668 560 744; x_wconf 75' lang='lat' dir='ltr'><strong>(alil.)</strong></span> <span class='ocrx_word' id='word_1_5' title='bbox 582 671 618 727; x_wconf 80' lang='grc'><strong>8.</strong></span> <span class='ocrx_word' id='word_1_6' title='bbox 641 667 683 724; x_wconf 86' lang='lat' dir='ltr'><strong>De</strong></span> <span class='ocrx_word' id='word_1_7' title='bbox 704 665 809 723; x_wconf 80' lang='lat' dir='ltr'><strong>inlicite</strong></span> <span class='ocrx_word' id='word_1_8' title='bbox 831 665 1046 741; x_wconf 83' lang='lat' dir='ltr'><strong>conjunctione,</strong></span> <span class='ocrx_word' id='word_1_9' title='bbox 1066 663 1122 739; x_wconf 67' lang='lat' dir='ltr'><strong>{qui</strong></span> <span class='ocrx_word' id='word_1_10' title='bbox 1144 681 1197 722; x_wconf 86' lang='lat' dir='ltr'><strong>nec</strong></span> <span class='ocrx_word' id='word_1_11' title='bbox 1216 665 1292 722; x_wconf 90' lang='lat' dir='ltr'><strong>unde</strong></span> <span class='ocrx_word' id='word_1_12' title='bbox 1313 681 1435 722; x_wconf 75' lang='lat' dir='ltr'><strong>canones</strong></span> 
     </span>
     <span class='ocr_line' id='line_1_3' title="bbox 379 762 1436 836; baseline -0.009 -8"><span class='ocrx_word' id='word_1_13' title='bbox 379 775 427 828; x_wconf 81' lang='lat' dir='ltr'><strong>aut</strong></span> <span class='ocrx_word' id='word_1_14' title='bbox 447 768 563 826; x_wconf 83' lang='lat' dir='ltr'><strong>Edictus</strong></span> <span class='ocrx_word' id='word_1_15' title='bbox 583 767 667 824; x_wconf 85' lang='lat' dir='ltr'><strong>hahet</strong></span> <span class='ocrx_word' id='word_1_16' title='bbox 695 780 755 820; x_wconf 88' lang='lat' dir='ltr'><strong>esse</strong></span> <span class='ocrx_word' id='word_1_17' title='bbox 785 779 841 818; x_wconf 89' lang='lat' dir='ltr'><strong>non</strong></span> <span class='ocrx_word' id='word_1_18' title='bbox 875 769 992 835; x_wconf 76' lang='lat' dir='ltr'>possunt</span> <span class='ocrx_word' id='word_1_19' title='bbox 1013 765 1179 836; x_wconf 85' lang='lat' dir='ltr'><strong>copulatus,</strong></span> <span class='ocrx_word' id='word_1_20' title='bbox 1212 763 1318 835; x_wconf 87' lang='lat' dir='ltr'><strong>plecuit</strong></span> <span class='ocrx_word' id='word_1_21' title='bbox 1344 762 1436 818; x_wconf 88' lang='lat' dir='ltr'><strong>eidem</strong></span> 
     </span>
     <span class='ocr_line' id='line_1_4' title="bbox 379 842 1437 941; baseline -0.004 -19"><span class='ocrx_word' id='word_1_22' title='bbox 379 867 497 941; x_wconf 83' lang='lat' dir='ltr'><strong>principi</strong></span> <span class='ocrx_word' id='word_1_23' title='bbox 520 872 614 921; x_wconf 89' lang='lat' dir='ltr'><strong>nostro</strong></span> <span class='ocrx_word' id='word_1_24' title='bbox 637 873 666 920; x_wconf 92' lang='lat' dir='ltr'><strong>ut</strong></span> <span class='ocrx_word' id='word_1_25' title='bbox 688 883 703 921; x_wconf 83' lang='lat' dir='ltr'><strong>u</strong></span> <span class='ocrx_word' id='word_1_26' title='bbox 725 871 854 936; x_wconf 77' lang='lat' dir='ltr'>presente</span> <span class='ocrx_word' id='word_1_27' title='bbox 876 842 1073 935; x_wconf 48' lang='lat' dir='ltr'><strong>separenturr*</strong></span> <span class='ocrx_word' id='word_1_28' title='bbox 1088 871 1116 920; x_wconf 91' lang='lat' dir='ltr'><strong>et</strong></span> <span class='ocrx_word' id='word_1_29' title='bbox 1144 863 1207 936; x_wconf 85' lang='lat' dir='ltr'><strong>quis</strong></span> <span class='ocrx_word' id='word_1_30' title='bbox 1229 863 1301 919; x_wconf 79' lang='lat' dir='ltr'><strong>intre</strong></span> <span class='ocrx_word' id='word_1_31' title='bbox 1322 878 1437 935; x_wconf 81' lang='lat' dir='ltr'><strong>precen-</strong></span> 
     </span>
     <span class='ocr_line' id='line_1_5' title="bbox 379 960 1437 1034; baseline -0.004 -14"><span class='ocrx_word' id='word_1_32' title='bbox 379 972 434 1025; x_wconf 86' lang='lat' dir='ltr'><strong>tem</strong></span> <span class='ocrx_word' id='word_1_33' title='bbox 463 963 645 1020; x_wconf 77' lang='lat' dir='ltr'><strong>indictionem</strong></span> <span class='ocrx_word' id='word_1_34' title='bbox 676 978 787 1018; x_wconf 81' lang='lat' dir='ltr'><strong>ceusnm</strong></span> <span class='ocrx_word' id='word_1_35' title='bbox 820 962 900 1022; x_wconf 79' lang='lat' dir='ltr'><strong>istem</strong></span> <span class='ocrx_word' id='word_1_36' title='bbox 932 962 966 1017; x_wconf 90' lang='lat' dir='ltr'><strong>de</strong></span> <span class='ocrx_word' id='word_1_37' title='bbox 995 962 1096 1017; x_wconf 89' lang='lat' dir='ltr'><strong>nostris</strong></span> <span class='ocrx_word' id='word_1_38' title='bbox 1116 961 1260 1034; x_wconf 84' lang='lat' dir='ltr'><strong>judicibus</strong></span> <span class='ocrx_word' id='word_1_39' title='bbox 1280 960 1437 1031; x_wconf 76' lang='lat' dir='ltr'><strong>neglexerit</strong></span> 
     </span>
     <span class='ocr_line' id='line_1_6' title="bbox 380 1059 1434 1134; baseline -0.005 -15"><span class='ocrx_word' id='word_1_40' title='bbox 380 1063 414 1119; x_wconf 84' lang='lat' dir='ltr'><strong>ud</strong></span> <span class='ocrx_word' id='word_1_41' title='bbox 438 1061 623 1134; x_wconf 81' lang='lat' dir='ltr'><strong>judicandum</strong></span> <span class='ocrx_word' id='word_1_42' title='bbox 652 1067 700 1116; x_wconf 84' lang='lat' dir='ltr'><strong>out</strong></span> <span class='ocrx_word' id='word_1_43' title='bbox 726 1059 968 1128; x_wconf 79' lang='lat' dir='ltr'><strong>distringendum,</strong></span> <span class='ocrx_word' id='word_1_44' title='bbox 996 1067 1139 1131; x_wconf 83' lang='lat' dir='ltr'><strong>conponat</strong></span> <span class='ocrx_word' id='word_1_45' title='bbox 1168 1059 1305 1129; x_wconf 78' lang='lat' dir='ltr'><strong>widrigild</strong></span> <span class='ocrx_word' id='word_1_46' title='bbox 1331 1075 1434 1115; x_wconf 83' lang='lat' dir='ltr'><strong>suum:</strong></span> 
     </span>
     <span class='ocr_line' id='line_1_7' title="bbox 378 1156 1437 1234; baseline -0.003 -19"><span class='ocrx_word' id='word_1_47' title='bbox 378 1161 445 1234; x_wconf 85' lang='lat' dir='ltr'><strong>quie</strong></span> <span class='ocrx_word' id='word_1_48' title='bbox 467 1160 502 1214; x_wconf 92' lang='lat' dir='ltr'><strong>de</strong></span> <span class='ocrx_word' id='word_1_49' title='bbox 523 1175 608 1216; x_wconf 81' lang='lat' dir='ltr'><strong>cause</strong></span> <span class='ocrx_word' id='word_1_50' title='bbox 626 1159 676 1216; x_wconf 79' lang='lat' dir='ltr'><strong>istu</strong></span> <span class='ocrx_word' id='word_1_51' title='bbox 694 1165 809 1230; x_wconf 82' lang='lat' dir='ltr'><strong>apparet</strong></span> <span class='ocrx_word' id='word_1_52' title='bbox 830 1156 910 1212; x_wconf 87' lang='lat' dir='ltr'><strong>nohis</strong></span> <span class='ocrx_word' id='word_1_53' title='bbox 930 1158 1072 1225; x_wconf 87' lang='lat' dir='ltr'><strong>omnihus,</strong></span> <span class='ocrx_word' id='word_1_54' title='bbox 1096 1157 1145 1230; x_wconf 88' lang='lat' dir='ltr'><strong>qui</strong></span> <span class='ocrx_word' id='word_1_55' title='bbox 1170 1157 1437 1213; x_wconf 84' lang='lat' dir='ltr'><strong>taliecdnsentiunt</strong></span> 
     </span>
     <span class='ocr_line' id='line_1_8' title="bbox 379 1255 1434 1327; baseline -0.002 -13"><span class='ocrx_word' id='word_1_56' title='bbox 379 1266 474 1314; x_wconf 85' lang='lat' dir='ltr'><strong>contre</strong></span> <span class='ocrx_word' id='word_1_57' title='bbox 495 1259 586 1313; x_wconf 88' lang='lat' dir='ltr'><strong>Deum</strong></span> <span class='ocrx_word' id='word_1_58' title='bbox 607 1264 634 1313; x_wconf 93' lang='lat' dir='ltr'><strong>et</strong></span> <span class='ocrx_word' id='word_1_59' title='bbox 655 1257 776 1312; x_wconf 81' lang='lat' dir='ltr'><strong>enimam</strong></span> <span class='ocrx_word' id='word_1_60' title='bbox 794 1271 873 1310; x_wconf 86' lang='lat' dir='ltr'><strong>sunm</strong></span> <span class='ocrx_word' id='word_1_61' title='bbox 888 1255 1003 1323; x_wconf 73' lang='lat' dir='ltr'><strong>semiint,</strong></span> <span class='ocrx_word' id='word_1_62' title='bbox 1026 1263 1054 1311; x_wconf 92' lang='lat' dir='ltr'><strong>et</strong></span> <span class='ocrx_word' id='word_1_63' title='bbox 1071 1255 1304 1327; x_wconf 81' lang='lat' dir='ltr'><strong>molitiaemplius</strong></span> <span class='ocrx_word' id='word_1_64' title='bbox 1323 1255 1434 1312; x_wconf 89' lang='lat' dir='ltr'><strong>crescit.</strong></span> 
     </span>
    </p>

    <p class='ocr_par' dir='ltr' id='par_1_3' title="bbox 308 1345 1437 2696">
     <span class='ocr_line' id='line_1_9' title="bbox 458 1345 1436 1428; baseline -0.003 -16"><span class='ocrx_word' id='word_1_65' title='bbox 458 1352 575 1428; x_wconf 82' lang='lat' dir='ltr'><strong>(Vllll.)</strong></span> <span class='ocrx_word' id='word_1_66' title='bbox 597 1357 636 1412; x_wconf 82' lang='lat' dir='ltr'><strong>o.</strong></span> <span class='ocrx_word' id='word_1_67' title='bbox 658 1355 699 1410; x_wconf 83' lang='lat' dir='ltr'><strong>lle</strong></span> <span class='ocrx_word' id='word_1_68' title='bbox 721 1353 879 1421; x_wconf 83' lang='lat' dir='ltr'><strong>turonibus,</strong></span> <span class='ocrx_word' id='word_1_69' title='bbox 904 1353 951 1424; x_wconf 90' lang='lat' dir='ltr'><strong>qui</strong></span> <span class='ocrx_word' id='word_1_70' title='bbox 975 1353 1129 1422; x_wconf 79' lang='lat' dir='ltr'><strong>neglexerit</strong></span> <span class='ocrx_word' id='word_1_71' title='bbox 1149 1353 1292 1425; x_wconf 86' lang='lat' dir='ltr'><strong>inquirere</strong></span> <span class='ocrx_word' id='word_1_72' title='bbox 1314 1345 1361 1408; x_wconf 78' lang='lat' dir='ltr'><strong>iul</strong></span> <span class='ocrx_word' id='word_1_73' title='bbox 1382 1355 1436 1409; x_wconf 87' lang='lat' dir='ltr'><strong>sul·</strong></span> 
     </span>
     <span class='ocr_line' id='line_1_10' title="bbox 379 1449 1437 1524; baseline -0.001 -17"><span class='ocrx_word' id='word_1_74' title='bbox 379 1451 504 1520; x_wconf 81' lang='lat' dir='ltr'><strong>licitare,</strong></span> <span class='ocrx_word' id='word_1_75' title='bbox 536 1453 577 1507; x_wconf 89' lang='lat' dir='ltr'><strong>vel</strong></span> <span class='ocrx_word' id='word_1_76' title='bbox 600 1453 648 1524; x_wconf 88' lang='lat' dir='ltr'><strong>qul</strong></span> <span class='ocrx_word' id='word_1_77' title='bbox 678 1468 726 1507; x_wconf 86' lang='lat' dir='ltr'><strong>eos</strong></span> <span class='ocrx_word' id='word_1_78' title='bbox 747 1450 863 1507; x_wconf 81' lang='lat' dir='ltr'><strong>transire</strong></span> <span class='ocrx_word' id='word_1_79' title='bbox 885 1450 1050 1522; x_wconf 89' lang='lat' dir='ltr'><strong>permittunt</strong></span> <span class='ocrx_word' id='word_1_80' title='bbox 1070 1449 1137 1506; x_wconf 88' lang='lat' dir='ltr'><strong>loris</strong></span> <span class='ocrx_word' id='word_1_81' title='bbox 1158 1453 1283 1518; x_wconf 81' lang='lat' dir='ltr'><strong>clausus,</strong></span> <span class='ocrx_word' id='word_1_82' title='bbox 1313 1449 1349 1506; x_wconf 80' lang='lat' dir='ltr'><strong>ite</strong></span> <span class='ocrx_word' id='word_1_83' title='bbox 1370 1451 1437 1506; x_wconf 85' lang='lat' dir='ltr'><strong>suh·</strong></span> 
     </span>
     <span class='ocr_line' id='line_1_11' title="bbox 374 1547 1435 1622; baseline -0.003 -16"><span class='ocrx_word' id='word_1_84' title='bbox 374 1551 474 1622; x_wconf 77' lang='lat' dir='ltr'><strong>jaceat,</strong></span> <span class='ocrx_word' id='word_1_85' title='bbox 494 1548 668 1608; x_wconf 80' lang='lat' dir='ltr'><strong>sicutEdicti</strong></span> <span class='ocrx_word' id='word_1_86' title='bbox 684 1548 810 1605; x_wconf 88' lang='lat' dir='ltr'><strong>continet</strong></span> <span class='ocrx_word' id='word_1_87' title='bbox 825 1549 942 1620; x_wconf 68' lang='lat' dir='ltr'><strong>pugioni</strong></span> <span class='ocrx_word' id='word_1_88' title='bbox 958 1556 985 1603; x_wconf 84' lang='lat' dir='ltr'><strong>et</strong></span> <span class='ocrx_word' id='word_1_89' title='bbox 998 1548 1238 1620; x_wconf 85' lang='lat' dir='ltr'><strong>intraprcsentem</strong></span> <span class='ocrx_word' id='word_1_90' title='bbox 1251 1547 1435 1604; x_wconf 86' lang='lat' dir='ltr'><strong>indictionem</strong></span> 
     </span>
     <span class='ocr_line' id='line_1_12' title="bbox 375 1645 1435 1719; baseline -0.003 -15"><span class='ocrx_word' id='word_1_91' title='bbox 375 1648 423 1704; x_wconf 82' lang='lat' dir='ltr'><strong>fiat</strong></span> <span class='ocrx_word' id='word_1_92' title='bbox 443 1646 598 1719; x_wconf 87' lang='lat' dir='ltr'><strong>inquisitio.</strong></span> <span class='ocrx_word' id='word_1_93' title='bbox 642 1647 677 1703; x_wconf 83' lang='lat' dir='ltr'><strong>Et</strong></span> <span class='ocrx_word' id='word_1_94' title='bbox 697 1646 753 1701; x_wconf 91' lang='lat' dir='ltr'><strong>hoc</strong></span> <span class='ocrx_word' id='word_1_95' title='bbox 773 1652 945 1708; x_wconf 79' lang='lat' dir='ltr'><strong>statuerunt,</strong></span> <span class='ocrx_word' id='word_1_96' title='bbox 976 1653 1006 1699; x_wconf 90' lang='lat' dir='ltr'><strong>ut</strong></span> <span class='ocrx_word' id='word_1_97' title='bbox 1027 1645 1048 1700; x_wconf 88' lang='lat' dir='ltr'><strong>si</strong></span> <span class='ocrx_word' id='word_1_98' title='bbox 1071 1646 1280 1718; x_wconf 88' lang='lat' dir='ltr'><strong>conprehensus</strong></span> <span class='ocrx_word' id='word_1_99' title='bbox 1302 1663 1317 1701; x_wconf 83' lang='lat' dir='ltr'>a</span> <span class='ocrx_word' id='word_1_100' title='bbox 1339 1647 1435 1718; x_wconf 83' lang='lat' dir='ltr'><strong>quelc-</strong></span> 
     </span>
     <span class='ocr_line' id='line_1_13' title="bbox 375 1742 1436 1816; baseline -0.001 -16"><span class='ocrx_word' id='word_1_101' title='bbox 375 1760 497 1816; x_wconf 89' lang='lat' dir='ltr'><strong>cumque</strong></span> <span class='ocrx_word' id='word_1_102' title='bbox 515 1743 609 1815; x_wconf 80' lang='lat' dir='ltr'><strong>judice</strong></span> <span class='ocrx_word' id='word_1_103' title='bbox 632 1743 731 1811; x_wconf 88' lang='lat' dir='ltr'><strong>luerit,</strong></span> <span class='ocrx_word' id='word_1_104' title='bbox 755 1744 837 1799; x_wconf 88' lang='lat' dir='ltr'><strong>etde</strong></span> <span class='ocrx_word' id='word_1_105' title='bbox 859 1742 911 1798; x_wconf 89' lang='lat' dir='ltr'><strong>suh</strong></span> <span class='ocrx_word' id='word_1_106' title='bbox 933 1742 988 1798; x_wconf 82' lang='lat' dir='ltr'><strong>elio</strong></span> <span class='ocrx_word' id='word_1_107' title='bbox 1007 1743 1102 1814; x_wconf 87' lang='lat' dir='ltr'><strong>judice</strong></span> <span class='ocrx_word' id='word_1_108' title='bbox 1123 1743 1258 1813; x_wconf 75' lang='lat' dir='ltr'><strong>collegam</strong></span> <span class='ocrx_word' id='word_1_109' title='bbox 1279 1759 1361 1798; x_wconf 91' lang='lat' dir='ltr'><strong>suum</strong></span> <span class='ocrx_word' id='word_1_110' title='bbox 1381 1743 1436 1799; x_wconf 90' lang='lat' dir='ltr'><strong>cri·</strong></span> 
     </span>
     <span class='ocr_line' id='line_1_14' title="bbox 308 1827 1435 1913; baseline -0.001 -16"><span class='ocrx_word' id='word_1_111' title='bbox 308 1827 310 1832; x_wconf 42' lang='lat'><strong>¹</strong></span> <span class='ocrx_word' id='word_1_112' title='bbox 374 1841 532 1909; x_wconf 77' lang='lat' dir='ltr'><strong>minaverit,</strong></span> <span class='ocrx_word' id='word_1_113' title='bbox 555 1849 582 1897; x_wconf 92' lang='lat' dir='ltr'><strong>et</strong></span> <span class='ocrx_word' id='word_1_114' title='bbox 604 1841 662 1913; x_wconf 82' lang='lat' dir='ltr'><strong>ipse</strong></span> <span class='ocrx_word' id='word_1_115' title='bbox 681 1841 767 1913; x_wconf 82' lang='lat' dir='ltr'><strong>judex</strong></span> <span class='ocrx_word' id='word_1_116' title='bbox 789 1841 838 1912; x_wconf 90' lang='lat' dir='ltr'><strong>qui</strong></span> <span class='ocrx_word' id='word_1_117' title='bbox 860 1841 950 1913; x_wconf 87' lang='lat' dir='ltr'><strong>ipsum</strong></span> <span class='ocrx_word' id='word_1_118' title='bbox 973 1840 1102 1896; x_wconf 84' lang='lat' dir='ltr'><strong>turonem</strong></span> <span class='ocrx_word' id='word_1_119' title='bbox 1112 1841 1340 1912; x_wconf 90' lang='lat' dir='ltr'><strong>conprehensum</strong></span> <span class='ocrx_word' id='word_1_120' title='bbox 1352 1841 1435 1896; x_wconf 84' lang='lat' dir='ltr'><strong>hehet</strong></span> 
     </span>
     <span class='ocr_line' id='line_1_15' title="bbox 375 1938 1436 2012; baseline -0.003 -17"><span class='ocrx_word' id='word_1_121' title='bbox 375 1939 411 1995; x_wconf 83' lang='lat' dir='ltr'><strong>nd</strong></span> <span class='ocrx_word' id='word_1_122' title='bbox 430 1938 518 1996; x_wconf 78' lang='lat' dir='ltr'><strong>olium</strong></span> <span class='ocrx_word' id='word_1_123' title='bbox 536 1939 660 2012; x_wconf 85' lang='lat' dir='ltr'><strong>judicem</strong></span> <span class='ocrx_word' id='word_1_124' title='bbox 681 1938 843 1995; x_wconf 80' lang='lat' dir='ltr'><strong>mandatum</strong></span> <span class='ocrx_word' id='word_1_125' title='bbox 864 1939 970 2002; x_wconf 86' lang='lat' dir='ltr'><strong>lecerit,</strong></span> <span class='ocrx_word' id='word_1_126' title='bbox 993 1947 1021 1994; x_wconf 90' lang='lat' dir='ltr'><strong>et</strong></span> <span class='ocrx_word' id='word_1_127' title='bbox 1040 1939 1099 2010; x_wconf 89' lang='lat' dir='ltr'><strong>ipse</strong></span> <span class='ocrx_word' id='word_1_128' title='bbox 1116 1939 1271 2009; x_wconf 83' lang='lat' dir='ltr'><strong>neglexerit</strong></span> <span class='ocrx_word' id='word_1_129' title='bbox 1290 1954 1436 1994; x_wconf 87' lang='lat' dir='ltr'><strong>cumcon-</strong></span> 
     </span>
     <span class='ocr_line' id='line_1_16' title="bbox 375 2035 1432 2110; baseline -0.002 -17"><span class='ocrx_word' id='word_1_130' title='bbox 375 2038 569 2110; x_wconf 88' lang='lat' dir='ltr'><strong>prehendere:</strong></span> <span class='ocrx_word' id='word_1_131' title='bbox 593 2044 735 2109; x_wconf 83' lang='lat' dir='ltr'><strong>conponat</strong></span> <span class='ocrx_word' id='word_1_132' title='bbox 756 2037 847 2108; x_wconf 87' lang='lat' dir='ltr'><strong>ipsum</strong></span> <span class='ocrx_word' id='word_1_133' title='bbox 870 2035 975 2092; x_wconf 88' lang='lat' dir='ltr'><strong>lurtum</strong></span> <span class='ocrx_word' id='word_1_134' title='bbox 997 2036 1042 2096; x_wconf 90' lang='lat' dir='ltr'><strong>cui</strong></span> <span class='ocrx_word' id='word_1_135' title='bbox 1064 2036 1167 2092; x_wconf 80' lang='lat' dir='ltr'><strong>iactum</strong></span> <span class='ocrx_word' id='word_1_136' title='bbox 1188 2044 1230 2092; x_wconf 88' lang='lat' dir='ltr'><strong>est</strong></span> <span class='ocrx_word' id='word_1_137' title='bbox 1246 2037 1333 2108; x_wconf 81' lang='lat' dir='ltr'><strong>judex</strong></span> <span class='ocrx_word' id='word_1_138' title='bbox 1362 2036 1432 2108; x_wconf 84' lang='lat' dir='ltr'><strong>ipse,</strong></span> 
     </span>
     <span class='ocr_line' id='line_1_17' title="bbox 377 2133 1435 2208; baseline -0.002 -16"><span class='ocrx_word' id='word_1_139' title='bbox 377 2152 411 2192; x_wconf 87' lang='lat' dir='ltr'><strong>eo</strong></span> <span class='ocrx_word' id='word_1_140' title='bbox 433 2135 510 2207; x_wconf 88' lang='lat' dir='ltr'><strong>quod</strong></span> <span class='ocrx_word' id='word_1_141' title='bbox 531 2135 761 2208; x_wconf 78' lang='lat' dir='ltr'><strong>conprehendere</strong></span> <span class='ocrx_word' id='word_1_142' title='bbox 783 2134 938 2205; x_wconf 84' lang='lat' dir='ltr'><strong>neglexerit</strong></span> <span class='ocrx_word' id='word_1_143' title='bbox 958 2133 1088 2189; x_wconf 85' lang='lat' dir='ltr'><strong>turonem</strong></span> <span class='ocrx_word' id='word_1_144' title='bbox 1109 2133 1210 2205; x_wconf 84' lang='lat' dir='ltr'><strong>ipsum.</strong></span> <span class='ocrx_word' id='word_1_145' title='bbox 1238 2135 1274 2190; x_wconf 87' lang='lat' dir='ltr'><strong>Et</strong></span> <span class='ocrx_word' id='word_1_146' title='bbox 1294 2135 1316 2189; x_wconf 84' lang='lat' dir='ltr'><strong>si</strong></span> <span class='ocrx_word' id='word_1_147' title='bbox 1338 2149 1435 2190; x_wconf 82' lang='lat' dir='ltr'><strong>servus</strong></span> 
     </span>
     <span class='ocr_line' id='line_1_18' title="bbox 374 2231 1434 2305; baseline -0.001 -16"><span class='ocrx_word' id='word_1_148' title='bbox 374 2233 577 2305; x_wconf 83' lang='lat' dir='ltr'><strong>cujuscumque</strong></span> <span class='ocrx_word' id='word_1_149' title='bbox 599 2232 693 2300; x_wconf 86' lang='lat' dir='ltr'><strong>luerit,</strong></span> <span class='ocrx_word' id='word_1_150' title='bbox 717 2232 799 2288; x_wconf 82' lang='lat' dir='ltr'><strong>leciot</strong></span> <span class='ocrx_word' id='word_1_151' title='bbox 819 2232 889 2288; x_wconf 90' lang='lat' dir='ltr'><strong>scire</strong></span> <span class='ocrx_word' id='word_1_152' title='bbox 911 2231 1059 2287; x_wconf 88' lang='lat' dir='ltr'><strong>dominum</strong></span> <span class='ocrx_word' id='word_1_153' title='bbox 1081 2231 1151 2303; x_wconf 81' lang='lat' dir='ltr'><strong>ejus,</strong></span> <span class='ocrx_word' id='word_1_154' title='bbox 1174 2232 1281 2304; x_wconf 89' lang='lat' dir='ltr'><strong>etipse</strong></span> <span class='ocrx_word' id='word_1_155' title='bbox 1303 2231 1434 2288; x_wconf 80' lang='lat' dir='ltr'><strong>dominns</strong></span> 
     </span>
     <span class='ocr_line' id='line_1_19' title="bbox 373 2329 1434 2404; baseline 0 -18"><span class='ocrx_word' id='word_1_156' title='bbox 373 2331 433 2404; x_wconf 85' lang='lat' dir='ltr'><strong>ejus</strong></span> <span class='ocrx_word' id='word_1_157' title='bbox 454 2329 578 2403; x_wconf 81' lang='lat' dir='ltr'><strong>inquirat</strong></span> <span class='ocrx_word' id='word_1_158' title='bbox 597 2346 709 2386; x_wconf 82' lang='lat' dir='ltr'><strong>servum</strong></span> <span class='ocrx_word' id='word_1_159' title='bbox 730 2346 832 2394; x_wconf 87' lang='lat' dir='ltr'><strong>suurn,</strong></span> <span class='ocrx_word' id='word_1_160' title='bbox 864 2336 892 2386; x_wconf 88' lang='lat' dir='ltr'><strong>et</strong></span> <span class='ocrx_word' id='word_1_161' title='bbox 913 2330 994 2386; x_wconf 82' lang='lat' dir='ltr'><strong>iaciat</strong></span> <span class='ocrx_word' id='word_1_162' title='bbox 1014 2330 1040 2386; x_wconf 92' lang='lat' dir='ltr'><strong>ei</strong></span> <span class='ocrx_word' id='word_1_163' title='bbox 1058 2329 1194 2402; x_wconf 84' lang='lat' dir='ltr'><strong>justitium</strong></span> <span class='ocrx_word' id='word_1_164' title='bbox 1222 2330 1271 2402; x_wconf 88' lang='lat' dir='ltr'><strong>qui</strong></span> <span class='ocrx_word' id='word_1_165' title='bbox 1292 2331 1434 2401; x_wconf 79' lang='lat' dir='ltr'><strong>conpella-</strong></span> 
     </span>
     <span class='ocr_line' id='line_1_20' title="bbox 374 2427 1434 2502; baseline 0.001 -20"><span class='ocrx_word' id='word_1_166' title='bbox 374 2429 463 2493; x_wconf 82' lang='lat' dir='ltr'><strong>verit3</strong></span> <span class='ocrx_word' id='word_1_167' title='bbox 487 2436 514 2484; x_wconf 85' lang='lat' dir='ltr'><strong>et</strong></span> <span class='ocrx_word' id='word_1_168' title='bbox 534 2428 557 2484; x_wconf 90' lang='lat' dir='ltr'><strong>si</strong></span> <span class='ocrx_word' id='word_1_169' title='bbox 578 2427 637 2500; x_wconf 86' lang='lat' dir='ltr'><strong>ipse</strong></span> <span class='ocrx_word' id='word_1_170' title='bbox 659 2428 790 2484; x_wconf 88' lang='lat' dir='ltr'><strong>dominus</strong></span> <span class='ocrx_word' id='word_1_171' title='bbox 812 2427 872 2502; x_wconf 85' lang='lat' dir='ltr'><strong>ejus</strong></span> <span class='ocrx_word' id='word_1_172' title='bbox 895 2429 1048 2500; x_wconf 87' lang='lat' dir='ltr'><strong>neglexerit</strong></span> <span class='ocrx_word' id='word_1_173' title='bbox 1068 2428 1297 2501; x_wconf 84' lang='lat' dir='ltr'><strong>conprehendere</strong></span> <span class='ocrx_word' id='word_1_174' title='bbox 1323 2436 1372 2484; x_wconf 84' lang='lat' dir='ltr'><strong>cut</strong></span> <span class='ocrx_word' id='word_1_175' title='bbox 1391 2429 1434 2484; x_wconf 89' lang='lat' dir='ltr'><strong>in-</strong></span> 
     </span>
     <span class='ocr_line' id='line_1_21' title="bbox 374 2526 1434 2602; baseline 0.002 -22"><span class='ocrx_word' id='word_1_176' title='bbox 374 2526 502 2599; x_wconf 86' lang='lat' dir='ltr'><strong>quirere,</strong></span> <span class='ocrx_word' id='word_1_177' title='bbox 533 2533 676 2598; x_wconf 85' lang='lat' dir='ltr'><strong>conponat</strong></span> <span class='ocrx_word' id='word_1_178' title='bbox 697 2529 797 2598; x_wconf 86' lang='lat' dir='ltr'><strong>ipsum-</strong></span> <span class='ocrx_word' id='word_1_179' title='bbox 811 2527 914 2582; x_wconf 89' lang='lat' dir='ltr'><strong>lurtum</strong></span> <span class='ocrx_word' id='word_1_180' title='bbox 936 2527 981 2584; x_wconf 90' lang='lat' dir='ltr'><strong>cui</strong></span> <span class='ocrx_word' id='word_1_181' title='bbox 1003 2526 1182 2595; x_wconf 81' lang='lat' dir='ltr'><strong>factumest,</strong></span> <span class='ocrx_word' id='word_1_182' title='bbox 1213 2527 1344 2602; x_wconf 91' lang='lat' dir='ltr'><strong>eoquod</strong></span> <span class='ocrx_word' id='word_1_183' title='bbox 1366 2544 1434 2583; x_wconf 90' lang='lat' dir='ltr'><strong>con·</strong></span> 
     </span>
     <span class='ocr_line' id='line_1_22' title="bbox 374 2623 909 2696; baseline 0.006 -18"><span class='ocrx_word' id='word_1_184' title='bbox 374 2623 547 2696; x_wconf 87' lang='lat' dir='ltr'><strong>prehendere</strong></span> <span class='ocrx_word' id='word_1_185' title='bbox 570 2624 700 2695; x_wconf 80' lang='lat' dir='ltr'><strong>neglexit</strong></span> <span class='ocrx_word' id='word_1_186' title='bbox 908 2625 909 2630; x_wconf 74' lang='grc'>’</span> 
     </span>
    </p>

    <p class='ocr_par' dir='ltr' id='par_1_4' title="bbox 698 2737 1098 2780">
     <span class='ocr_line' id='line_1_23' title="bbox 698 2737 1098 2780; baseline 0.01 -4"><span class='ocrx_word' id='word_1_187' title='bbox 698 2738 827 2778; x_wconf 77' lang='lat' dir='ltr'><strong>exectum</strong></span> <span class='ocrx_word' id='word_1_188' title='bbox 849 2739 885 2776; x_wconf 84' lang='lat' dir='ltr'><strong>na</strong></span> <span class='ocrx_word' id='word_1_189' title='bbox 907 2737 981 2778; x_wconf 80' lang='lat' dir='ltr'><strong>runo</strong></span> <span class='ocrx_word' id='word_1_190' title='bbox 1003 2737 1098 2780; x_wconf 74' lang='lat' dir='ltr'><strong>curuo.</strong></span> 
     </span>
    </p>
   </div>
   <div class='ocr_carea' id='block_1_3' title="bbox 632 2958 1183 3132">
    <p class='ocr_par' dir='ltr' id='par_1_5' title="bbox 632 2958 1183 3132">
     <span class='ocr_line' id='line_1_24' title="bbox 671 2958 1134 3021; baseline 0.002 -12"><span class='ocrx_word' id='word_1_191' title='bbox 671 2958 798 3009; x_wconf 83' lang='lat' dir='ltr'><strong>lNCll’lT</strong></span> <span class='ocrx_word' id='word_1_192' title='bbox 818 2959 860 3008; x_wconf 83' lang='lat' dir='ltr'><strong>ull</strong></span> <span class='ocrx_word' id='word_1_193' title='bbox 881 2959 976 3009; x_wconf 78' lang='lat' dir='ltr'><strong>Auito</strong></span> <span class='ocrx_word' id='word_1_194' title='bbox 996 2959 1134 3021; x_wconf 75' lang='lat' dir='ltr'><strong>Qulltuu.</strong></span> 
     </span>
     <span class='ocr_line' id='line_1_25' title="bbox 632 3065 1183 3132; baseline 0.007 -18"><span class='ocrx_word' id='word_1_195' title='bbox 632 3065 764 3130; x_wconf 81' lang='lat' dir='ltr'><strong>(Keleudls</strong></span> <span class='ocrx_word' id='word_1_196' title='bbox 790 3067 904 3124; x_wconf 73' lang='lat' dir='ltr'><strong>meruli,</strong></span> <span class='ocrx_word' id='word_1_197' title='bbox 933 3079 1001 3116; x_wconf 86' lang='lat' dir='ltr'><strong>enno</strong></span> <span class='ocrx_word' id='word_1_198' title='bbox 1027 3065 1183 3132; x_wconf 76' lang='lat' dir='ltr'><strong>ucctlllll.</strong></span> 
     </span>
    </p>
   </div>
   <div class='ocr_carea' id='block_1_4' title="bbox 689 3169 1121 3234">
    <p class='ocr_par' dir='ltr' id='par_1_6' title="bbox 689 3169 1121 3234">
     <span class='ocr_line' id='line_1_26' title="bbox 689 3169 1121 3234; baseline 0.007 -3"><span class='ocrx_word' id='word_1_199' title='bbox 689 3169 879 3232; x_wconf 82' lang='lat' dir='ltr'><strong>VOLUMEN</strong></span> <span class='ocrx_word' id='word_1_200' title='bbox 903 3170 1121 3234; x_wconf 87' lang='lat' dir='ltr'><strong>SECUNDUM.</strong></span> 
     </span>
    </p>
   </div>
   <div class='ocr_carea' id='block_1_5' title="bbox 368 3293 1433 3563">
    <p class='ocr_par' dir='ltr' id='par_1_7' title="bbox 368 3293 1433 3563">
     <span class='ocr_line' id='line_1_27' title="bbox 449 3293 1433 3367; baseline 0.007 -16"><span class='ocrx_word' id='word_1_201' title='bbox 449 3293 591 3362; x_wconf 75' lang='lat' dir='ltr'><strong>Quoniam</strong></span> <span class='ocrx_word' id='word_1_202' title='bbox 618 3297 774 3366; x_wconf 83' lang='lat' dir='ltr'><strong>prophetica</strong></span> <span class='ocrx_word' id='word_1_203' title='bbox 800 3315 849 3352; x_wconf 79' lang='lat' dir='ltr'><strong>nor</strong></span> <span class='ocrx_word' id='word_1_204' title='bbox 876 3299 1036 3353; x_wconf 81' lang='lat' dir='ltr'><strong>vaticinatio</strong></span> <span class='ocrx_word' id='word_1_205' title='bbox 1056 3299 1182 3354; x_wconf 78' lang='lat' dir='ltr'><strong>odmnnu</strong></span> <span class='ocrx_word' id='word_1_206' title='bbox 1203 3301 1309 3355; x_wconf 76' lang='lat' dir='ltr'><strong>dnenr:</strong></span> <span class='ocrx_word' id='word_1_207' title='bbox 1332 3300 1433 3367; x_wconf 72' lang='lat' dir='ltr'><strong>„ductu</strong></span> 
     </span>
     <span class='ocr_line' id='line_1_28' title="bbox 368 3394 1432 3466; baseline 0.005 -18"><span class='ocrx_word' id='word_1_208' title='bbox 368 3394 491 3462; x_wconf 84' lang='lat' dir='ltr'><strong>judicate</strong></span> <span class='ocrx_word' id='word_1_209' title='bbox 509 3395 561 3462; x_wconf 76' lang='lat' dir='ltr'><strong>filii</strong></span> <span class='ocrx_word' id='word_1_210' title='bbox 581 3395 764 3460; x_wconf 85' lang='lat' dir='ltr'><strong>hominum,·“</strong></span> <span class='ocrx_word' id='word_1_211' title='bbox 785 3404 809 3450; x_wconf 91' lang='lat' dir='ltr'><strong>et</strong></span> <span class='ocrx_word' id='word_1_212' title='bbox 830 3397 912 3451; x_wconf 83' lang='lat' dir='ltr'><strong>olidi:</strong></span> <span class='ocrx_word' id='word_1_213' title='bbox 944 3396 1104 3464; x_wconf 60' lang='lat' dir='ltr'><strong>‚ductitium</strong></span> <span class='ocrx_word' id='word_1_214' title='bbox 1125 3398 1217 3452; x_wconf 82' lang='lat' dir='ltr'><strong>dircite</strong></span> <span class='ocrx_word' id='word_1_215' title='bbox 1236 3399 1284 3466; x_wconf 84' lang='lat' dir='ltr'><strong>qui</strong></span> <span class='ocrx_word' id='word_1_216' title='bbox 1303 3399 1432 3453; x_wconf 63' lang='lat' dir='ltr'><strong>dalmatic</strong></span> 
     </span>
     <span class='ocr_line' id='line_1_29' title="bbox 374 3491 1433 3563; baseline 0.006 -19"><span class='ocrx_word' id='word_1_217' title='bbox 374 3497 511 3558; x_wconf 62' lang='lat' dir='ltr'><strong>„terram</strong></span> <span class='ocrx_word' id='word_1_218' title='bbox 542 3493 607 3560; x_wconf 83' lang='lat' dir='ltr'><strong>quia</strong></span> <span class='ocrx_word' id='word_1_219' title='bbox 622 3492 712 3561; x_wconf 76' lang='lat' dir='ltr'><strong>justae</strong></span> <span class='ocrx_word' id='word_1_220' title='bbox 733 3491 865 3549; x_wconf 72' lang='lat' dir='ltr'><strong>nominor</strong></span> <span class='ocrx_word' id='word_1_221' title='bbox 880 3495 1017 3563; x_wconf 71' lang='lat' dir='ltr'><strong>insititiam</strong></span> <span class='ocrx_word' id='word_1_222' title='bbox 1046 3496 1180 3550; x_wconf 80' lang='lat' dir='ltr'><strong>dilemit“:</strong></span> <span class='ocrx_word' id='word_1_223' title='bbox 1206 3496 1255 3550; x_wconf 87' lang='lat' dir='ltr'><strong>illd</strong></span> <span class='ocrx_word' id='word_1_224' title='bbox 1274 3513 1323 3550; x_wconf 84' lang='lat' dir='ltr'><strong>noc</strong></span> <span class='ocrx_word' id='word_1_225' title='bbox 1343 3498 1433 3552; x_wconf 77' lang='lat' dir='ltr'><strong>sedule</strong></span> 
     </span>
    </p>
   </div>
   <div class='ocr_carea' id='block_1_6' title="bbox 277 3587 1430 3664">
    <p class='ocr_par' dir='ltr' id='par_1_8' title="bbox 277 3587 1430 3664">
     <span class='ocr_line' id='line_1_30' title="bbox 277 3587 1430 3664; baseline 0.004 -21"><span class='ocrx_word' id='word_1_226' title='bbox 277 3587 279 3592; x_wconf 78' lang='grc'>’</span> <span class='ocrx_word' id='word_1_227' title='bbox 374 3589 496 3644; x_wconf 86' lang='lat' dir='ltr'><strong>convenit</strong></span> <span class='ocrx_word' id='word_1_228' title='bbox 516 3590 631 3656; x_wconf 81' lang='lat' dir='ltr'><strong>sancire,</strong></span> <span class='ocrx_word' id='word_1_229' title='bbox 655 3597 684 3645; x_wconf 89' lang='lat' dir='ltr'><strong>ut</strong></span> <span class='ocrx_word' id='word_1_230' title='bbox 704 3607 767 3660; x_wconf 81' lang='lat' dir='ltr'><strong>pene</strong></span> <span class='ocrx_word' id='word_1_231' title='bbox 782 3592 859 3646; x_wconf 82' lang='lat' dir='ltr'><strong>nodie</strong></span> <span class='ocrx_word' id='word_1_232' title='bbox 875 3595 1042 3648; x_wconf 75' lang='lat' dir='ltr'><strong>commissum</strong></span> <span class='ocrx_word' id='word_1_233' title='bbox 1053 3595 1083 3648; x_wconf 89' lang='lat' dir='ltr'><strong>in</strong></span> <span class='ocrx_word' id='word_1_234' title='bbox 1098 3590 1205 3663; x_wconf 87' lang='lat' dir='ltr'><strong>judicio</strong></span> <span class='ocrx_word' id='word_1_235' title='bbox 1221 3610 1276 3648; x_wconf 89' lang='lat' dir='ltr'><strong>non</strong></span> <span class='ocrx_word' id='word_1_236' title='bbox 1290 3601 1430 3664; x_wconf 66' lang='lat' dir='ltr'><strong>mouetur,</strong></span> 
     </span>
    </p>
   </div>
   <div class='ocr_carea' id='block_1_7' title="bbox 371 3686 1434 4550">
    <p class='ocr_par' dir='ltr' id='par_1_9' title="bbox 371 3686 1434 4550">
     <span class='ocr_line' id='line_1_31' title="bbox 374 3686 1432 3767; baseline 0.008 -26"><span class='ocrx_word' id='word_1_237' title='bbox 374 3693 398 3742; x_wconf 88' lang='lat' dir='ltr'><strong>et</strong></span> <span class='ocrx_word' id='word_1_238' title='bbox 419 3688 594 3757; x_wconf 84' lang='lat' dir='ltr'><strong>ornnipotenti</strong></span> <span class='ocrx_word' id='word_1_239' title='bbox 614 3686 750 3756; x_wconf 86' lang='lat' dir='ltr'><strong>Domino,</strong></span> <span class='ocrx_word' id='word_1_240' title='bbox 774 3691 848 3759; x_wconf 83' lang='lat' dir='ltr'><strong>cujua</strong></span> <span class='ocrx_word' id='word_1_241' title='bbox 869 3693 1044 3767; x_wconf 84' lang='lat' dir='ltr'><strong>opitulatione</strong></span> <span class='ocrx_word' id='word_1_242' title='bbox 1063 3708 1224 3763; x_wconf 79' lang='lat' dir='ltr'><strong>regnamus,</strong></span> <span class='ocrx_word' id='word_1_243' title='bbox 1257 3695 1288 3748; x_wconf 90' lang='lat' dir='ltr'><strong>in</strong></span> <span class='ocrx_word' id='word_1_244' title='bbox 1308 3695 1432 3749; x_wconf 64' lang='lat' dir='ltr'><strong>mundus</strong></span> 
     </span>
     <span class='ocr_line' id='line_1_32' title="bbox 371 3787 1428 3862; baseline 0.008 -23"><span class='ocrx_word' id='word_1_245' title='bbox 371 3787 476 3856; x_wconf 86' lang='lat' dir='ltr'><strong>plaeere</strong></span> <span class='ocrx_word' id='word_1_246' title='bbox 496 3787 649 3850; x_wconf 60' lang='lat' dir='ltr'><strong>odiernum</strong></span> <span class='ocrx_word' id='word_1_247' title='bbox 684 3788 849 3843; x_wconf 74' lang='lat' dir='ltr'><strong>decretorum</strong></span> <span class='ocrx_word' id='word_1_248' title='bbox 869 3797 1023 3846; x_wconf 77' lang='lat' dir='ltr'><strong>nostrornm</strong></span> <span class='ocrx_word' id='word_1_249' title='bbox 1048 3799 1183 3860; x_wconf 79' lang='lat' dir='ltr'><strong>requenter</strong></span> <span class='ocrx_word' id='word_1_250' title='bbox 1203 3793 1338 3862; x_wconf 74' lang='lat' dir='ltr'><strong>inempta,</strong></span> <span class='ocrx_word' id='word_1_251' title='bbox 1371 3794 1428 3862; x_wconf 78' lang='lat' dir='ltr'><strong>qui,</strong></span> 
     </span>
     <span class='ocr_line' id='line_1_33' title="bbox 374 3882 1427 3958; baseline 0.007 -20"><span class='ocrx_word' id='word_1_252' title='bbox 374 3882 544 3954; x_wconf 78' lang='lat' dir='ltr'><strong>Redemptori</strong></span> <span class='ocrx_word' id='word_1_253' title='bbox 564 3885 684 3940; x_wconf 86' lang='lat' dir='ltr'><strong>omnium</strong></span> <span class='ocrx_word' id='word_1_254' title='bbox 704 3887 870 3942; x_wconf 72' lang='lat' dir='ltr'><strong>saeculorum</strong></span> <span class='ocrx_word' id='word_1_255' title='bbox 887 3889 965 3958; x_wconf 85' lang='lat' dir='ltr'><strong>pleno</strong></span> <span class='ocrx_word' id='word_1_256' title='bbox 984 3898 1088 3958; x_wconf 78' lang='lat' dir='ltr'><strong>pectore</strong></span> <span class='ocrx_word' id='word_1_257' title='bbox 1110 3891 1215 3958; x_wconf 77' lang='lat' dir='ltr'><strong>placere</strong></span> <span class='ocrx_word' id='word_1_258' title='bbox 1236 3891 1427 3957; x_wconf 79' lang='lat' dir='ltr'><strong>desiderando,</strong></span> 
     </span>
     <span class='ocr_line' id='line_1_34' title="bbox 371 3967 1428 4059; baseline 0.006 -23"><span class='ocrx_word' id='word_1_259' title='bbox 371 3967 422 4052; x_wconf 80' lang='lat' dir='ltr'><strong>pro</strong></span> <span class='ocrx_word' id='word_1_260' title='bbox 444 3983 496 4037; x_wconf 81' lang='lat' dir='ltr'><strong>ridi</strong></span> <span class='ocrx_word' id='word_1_261' title='bbox 516 3983 670 4038; x_wconf 75' lang='lat' dir='ltr'><strong>commissae</strong></span> <span class='ocrx_word' id='word_1_262' title='bbox 690 3985 776 4052; x_wconf 81' lang='lat' dir='ltr'><strong>pentir</strong></span> <span class='ocrx_word' id='word_1_263' title='bbox 796 3986 918 4053; x_wconf 86' lang='lat' dir='ltr'><strong>tuitione,</strong></span> <span class='ocrx_word' id='word_1_264' title='bbox 941 3994 970 4042; x_wconf 89' lang='lat' dir='ltr'><strong>ut</strong></span> <span class='ocrx_word' id='word_1_265' title='bbox 990 3995 1060 4042; x_wconf 85' lang='lat' dir='ltr'><strong>recto</strong></span> <span class='ocrx_word' id='word_1_266' title='bbox 1080 3989 1262 4045; x_wconf 82' lang='lat' dir='ltr'><strong>moderamine</strong></span> <span class='ocrx_word' id='word_1_267' title='bbox 1282 3996 1428 4059; x_wconf 84' lang='lat' dir='ltr'><strong>regeretur,</strong></span> 
     </span>
     <span class='ocr_line' id='line_1_35' title="bbox 373 4079 1434 4156; baseline 0.008 -22"><span class='ocrx_word' id='word_1_268' title='bbox 373 4081 441 4150; x_wconf 76' lang='lat' dir='ltr'><strong>leger</strong></span> <span class='ocrx_word' id='word_1_269' title='bbox 460 4081 643 4149; x_wconf 77' lang='lat' dir='ltr'><strong>inposuerunt.</strong></span> <span class='ocrx_word' id='word_1_270' title='bbox 664 4079 770 4137; x_wconf 82' lang='lat' dir='ltr'><strong>Idcirco</strong></span> <span class='ocrx_word' id='word_1_271' title='bbox 789 4099 845 4154; x_wconf 84' lang='lat' dir='ltr'><strong>ego,</strong></span> <span class='ocrx_word' id='word_1_272' title='bbox 859 4082 911 4138; x_wconf 85' lang='lat' dir='ltr'><strong>Dei</strong></span> <span class='ocrx_word' id='word_1_273' title='bbox 926 4087 1113 4156; x_wconf 77' lang='lat' dir='ltr'><strong>omnipotentie</strong></span> <span class='ocrx_word' id='word_1_274' title='bbox 1129 4087 1245 4153; x_wconf 66' lang='lat' dir='ltr'><strong>auctio,</strong></span> <span class='ocrx_word' id='word_1_275' title='bbox 1267 4085 1434 4142; x_wconf 43' lang='lat' dir='ltr'><strong>Alternis</strong></span> 
     </span>
     <span class='ocr_line' id='line_1_36' title="bbox 371 4179 1429 4255; baseline 0.006 -21"><span class='ocrx_word' id='word_1_276' title='bbox 371 4179 426 4245; x_wconf 72' lang='lat' dir='ltr'><strong>suc</strong></span> <span class='ocrx_word' id='word_1_277' title='bbox 445 4180 693 4249; x_wconf 79' lang='lat' dir='ltr'><strong>precellentirrimne</strong></span> <span class='ocrx_word' id='word_1_278' title='bbox 714 4182 859 4236; x_wconf 80' lang='lat' dir='ltr'><strong>catholicae</strong></span> <span class='ocrx_word' id='word_1_279' title='bbox 885 4185 971 4253; x_wconf 73' lang='lat' dir='ltr'><strong>gentis</strong></span> <span class='ocrx_word' id='word_1_280' title='bbox 991 4182 1234 4254; x_wconf 70' lang='lat' dir='ltr'><strong>langobardorum</strong></span> <span class='ocrx_word' id='word_1_281' title='bbox 1253 4201 1319 4252; x_wconf 81' lang='lat' dir='ltr'><strong>reu,</strong></span> <span class='ocrx_word' id='word_1_282' title='bbox 1347 4200 1429 4255; x_wconf 87' lang='lat' dir='ltr'><strong>proe-</strong></span> 
     </span>
     <span class='ocr_line' id='line_1_37' title="bbox 373 4281 1428 4353; baseline 0.005 -21"><span class='ocrx_word' id='word_1_283' title='bbox 373 4293 504 4332; x_wconf 78' lang='lat' dir='ltr'><strong>cereorum</strong></span> <span class='ocrx_word' id='word_1_284' title='bbox 524 4285 677 4334; x_wconf 75' lang='lat' dir='ltr'><strong>umerorum</strong></span> <span class='ocrx_word' id='word_1_285' title='bbox 699 4281 791 4336; x_wconf 89' lang='lat' dir='ltr'><strong>omnia</strong></span> <span class='ocrx_word' id='word_1_286' title='bbox 812 4282 937 4336; x_wconf 74' lang='lat' dir='ltr'><strong>instituta</strong></span> <span class='ocrx_word' id='word_1_287' title='bbox 955 4283 1129 4352; x_wconf 76' lang='lat' dir='ltr'><strong>perpendens,</strong></span> <span class='ocrx_word' id='word_1_288' title='bbox 1153 4284 1287 4353; x_wconf 81' lang='lat' dir='ltr'><strong>quondam</strong></span> <span class='ocrx_word' id='word_1_289' title='bbox 1307 4284 1347 4338; x_wconf 89' lang='lat' dir='ltr'><strong>ihi</strong></span> <span class='ocrx_word' id='word_1_290' title='bbox 1367 4300 1428 4352; x_wconf 82' lang='lat' dir='ltr'><strong>rep-</strong></span> 
     </span>
     <span class='ocr_line' id='line_1_38' title="bbox 371 4377 1430 4452; baseline 0.005 -22"><span class='ocrx_word' id='word_1_291' title='bbox 371 4377 491 4446; x_wconf 71' lang='lat' dir='ltr'><strong>perimus</strong></span> <span class='ocrx_word' id='word_1_292' title='bbox 511 4390 566 4430; x_wconf 90' lang='lat' dir='ltr'><strong>non</strong></span> <span class='ocrx_word' id='word_1_293' title='bbox 586 4379 705 4439; x_wconf 82' lang='lat' dir='ltr'><strong>aduena,</strong></span> <span class='ocrx_word' id='word_1_294' title='bbox 729 4377 762 4431; x_wconf 85' lang='lat' dir='ltr'><strong>dc</strong></span> <span class='ocrx_word' id='word_1_295' title='bbox 782 4379 878 4447; x_wconf 79' lang='lat' dir='ltr'><strong>quitur</strong></span> <span class='ocrx_word' id='word_1_296' title='bbox 893 4381 1028 4435; x_wconf 77' lang='lat' dir='ltr'><strong>munimur</strong></span> <span class='ocrx_word' id='word_1_297' title='bbox 1049 4395 1126 4435; x_wconf 87' lang='lat' dir='ltr'><strong>error</strong></span> <span class='ocrx_word' id='word_1_298' title='bbox 1145 4388 1251 4436; x_wconf 81' lang='lat' dir='ltr'><strong>nortror</strong></span> <span class='ocrx_word' id='word_1_299' title='bbox 1265 4383 1372 4452; x_wconf 80' lang='lat' dir='ltr'><strong>judicer</strong></span> <span class='ocrx_word' id='word_1_300' title='bbox 1392 4383 1430 4435; x_wconf 91' lang='lat' dir='ltr'><strong>od</strong></span> 
     </span>
     <span class='ocr_line' id='line_1_39' title="bbox 373 4475 1428 4550; baseline 0.007 -20"><span class='ocrx_word' id='word_1_301' title='bbox 373 4476 468 4530; x_wconf 86' lang='lat' dir='ltr'><strong>danda</strong></span> <span class='ocrx_word' id='word_1_302' title='bbox 482 4475 590 4546; x_wconf 86' lang='lat' dir='ltr'><strong>judicia</strong></span> <span class='ocrx_word' id='word_1_303' title='bbox 609 4477 775 4530; x_wconf 78' lang='lat' dir='ltr'><strong>involvebat:</strong></span> <span class='ocrx_word' id='word_1_304' title='bbox 798 4492 871 4532; x_wconf 88' lang='lat' dir='ltr'><strong>anno</strong></span> <span class='ocrx_word' id='word_1_305' title='bbox 890 4476 1038 4545; x_wconf 68' lang='lat' dir='ltr'><strong>felicissimi</strong></span> <span class='ocrx_word' id='word_1_306' title='bbox 1058 4481 1135 4550; x_wconf 77' lang='lat' dir='ltr'><strong>regui</strong></span> <span class='ocrx_word' id='word_1_307' title='bbox 1155 4482 1241 4536; x_wconf 72' lang='lat' dir='ltr'><strong>nostri</strong></span> <span class='ocrx_word' id='word_1_308' title='bbox 1260 4482 1291 4534; x_wconf 90' lang='lat' dir='ltr'><strong>in</strong></span> <span class='ocrx_word' id='word_1_309' title='bbox 1307 4480 1359 4536; x_wconf 84' lang='lat' dir='ltr'><strong>Dei</strong></span> <span class='ocrx_word' id='word_1_310' title='bbox 1378 4497 1428 4536; x_wconf 88' lang='lat' dir='ltr'><strong>no-</strong></span> 
     </span>
    </p>
   </div>
   <div class='ocr_carea' id='block_1_8' title="bbox 0 0 1604 5222">
    <p class='ocr_par' dir='ltr' id='par_1_10' title="bbox 0 0 1604 5222">
     <span class='ocr_line' id='line_1_40' title="bbox 0 0 1604 5222; baseline 0 0"><span class='ocrx_word' id='word_1_311' title='bbox 0 0 1604 5222; x_wconf 95' lang='lat' dir='ltr'><strong> </strong></span> 
     </span>
    </p>
   </div>
  </div>
 </body>
</html>
