3172 5228
471 489 610 585 unxerunt
629 534 704 584 cnr..
719 530 758 582 tut
770 551 798 562 —
811 529 858 578 lto.
1080 506 1084 515 ’
1108 510 1113 521 ’
1173 517 1221 584 25.
1247 603 1252 615 .

237 680 319 741 lto.
340 679 394 756 (De
414 681 540 760 lebroro.)
577 685 605 742 Si
629 683 691 757 quis
711 684 836 742 lebrosus
858 683 971 744 ellectus
990 685 1088 756 luerit,
1105 694 1132 744 et
1153 702 1219 756 coq-

159 777 248 834 nilum
265 779 354 851 judici
376 782 418 838 rel
440 784 544 855 populo
566 790 639 840 certa
661 783 701 839 rei
723 783 833 854 veritas,
857 791 884 840 et
905 785 1035 857 expulsus
1055 764 1122 842 loris
1142 802 1157 841 a
1179 783 1217 841 ci·

158 875 271 934 vitatem
291 881 333 934 vel
356 896 448 936 casam
460 897 549 950 suam,
572 881 609 938 ita
631 889 660 938 ut
681 882 755 938 solus
771 882 911 950 inhabitit,
934 899 991 938 non
1008 883 1044 941 sit
1061 881 1087 938 ei
1104 881 1217 940 licentia

157 990 202 1030 res
223 992 285 1032 suas
313 977 435 1034 alienare
456 987 503 1034 aut
529 978 655 1049 thingure
677 979 788 1036 cuilevit
809 996 945 1052 personet
978 980 1042 1052 qula
1067 980 1097 1036 in
1118 981 1216 1039 eadem

157 1073 220 1130 dise
241 1075 355 1147 quando
384 1076 505 1132 adomo
536 1077 672 1150 expulsusv
695 1085 751 1148 est,
785 1085 925 1151 tamquam
945 1084 1071 1136 mortuus
1089 1079 1215 1138 habetur.

157 1172 263 1229 Tamen
285 1171 351 1228 dum
372 1173 516 1244 advixerit,
538 1175 573 1230 de
595 1175 677 1232 nebus
698 1191 766 1248 quas
782 1176 927 1250 reliquerit
946 1192 998 1248 pro
1017 1176 1153 1232 mercedis
1176 1177 1217 1232 in·

156 1269 227 1326 tuitu
250 1270 394 1328 nutriatur.

234 1387 310 1446 m.
334 1387 386 1461 (De
405 1389 512 1444 bomine
531 1391 624 1458 libero,
648 1398 676 1446 ct
697 1391 775 1446 licem
796 1408 855 1446 com
871 1391 937 1460 soro
956 1407 1006 1446 suo
1021 1385 1164 1462 miprore.)
1186 1388 1216 1446 si

157 1485 219 1558 quis
246 1486 318 1543 liber
339 1487 424 1544 bomo
445 1494 610 1561 potestatem
636 1488 738 1544 habeat
759 1489 830 1546 intra
852 1488 1008 1545 dominium
1028 1487 1108 1558 regni
1130 1486 1216 1542 nostri

156 1599 219 1640 oum
240 1583 297 1640 lara
318 1601 366 1641 sua
387 1567 512 1656 megrare
535 1587 581 1643 ubl
603 1587 737 1656 voluerit,
762 1588 801 1643 sic
824 1595 916 1643 tamen
940 1587 962 1643 si
983 1587 1009 1644 ei
1031 1603 1046 1642 a
1068 1599 1132 1654 rege
1154 1584 1217 1642 dala

155 1680 239 1737 fuerit
253 1682 386 1750 licentia;
409 1691 437 1738 et
458 1684 479 1739 si
491 1684 598 1755 aliquas
620 1701 663 1740 res
679 1685 704 1741 ei
722 1686 779 1740 dox
797 1692 843 1741 aut
860 1685 1028 1758 quicumque
1044 1683 1117 1740 liber
1131 1684 1217 1740 homo

156 1781 281 1854 donarit,
302 1789 330 1837 et
350 1780 472 1838 nolucrit
491 1798 554 1838 cum
575 1799 639 1837 eum
660 1797 825 1855 permanere
847 1784 889 1839 vel
911 1798 974 1838 cum
992 1782 1103 1838 heredis
1117 1781 1216 1854 ipsius,

154 1897 199 1936 res
220 1880 294 1952 ipsas
314 1881 349 1935 ad
371 1880 506 1936 donatore
528 1881 569 1936 vel
593 1880 703 1939 heredis
723 1881 781 1952 ejus
803 1888 984 1939 revertantur.

234 2005 316 2062 tas.
339 2001 391 2078 (Dc
411 2007 579 2076 sponsalibus
600 2014 623 2061 et
633 2005 762 2079 nuptiis.)
786 2005 814 2062 Si
831 2005 892 2078 quis
909 2003 1082 2078 sponsaverit
1096 2004 1216 2075 puellam

154 2101 271 2158 liberam
294 2111 340 2158 aut
359 2101 518 2172 mulierem,
541 2111 647 2176 etpost
667 2104 807 2176 sponsalia
829 2105 898 2160 lacta
920 2110 947 2159 et
968 2103 1058 2159 labola
1079 2101 1216 2156 firmatam

155 2200 225 2256 duos
247 2217 336 2256 annos
357 2201 510 2257 neclexerit
531 2217 592 2257 eam
614 2201 722 2270 tollere,
745 2208 772 2258 et
790 2200 946 2256 dilataverit
965 2199 1074 2272 nuptias
1089 2197 1214 2270 exsequi,

152 2304 217 2370 post
238 2306 405 2354 transactum
424 2291 576 2354 biennium
588 2303 755 2371 potestatem
777 2299 876 2354 lrabeat
893 2307 972 2370 pater
992 2305 1038 2353 aut
1055 2279 1149 2362 frater,
1175 2295 1215 2351 vel

153 2396 202 2468 qui
220 2397 365 2452 mundium
379 2397 438 2467 ejus
449 2400 613 2468 potestatem
627 2397 714 2462 habit,
739 2397 906 2466 distringere
924 2396 1126 2467 fidejussorem,
1149 2408 1218 2466 qua·

155 2495 229 2552 tinus
250 2495 402 2568 adimpleat
419 2502 522 2550 metam
539 2494 615 2554 illam
629 2513 700 2568 quae
717 2496 746 2552 in
770 2495 831 2551 diae
850 2494 1059 2568 sposaliciorum
1079 2490 1215 2567 promisit.

153 2594 254 2650 Postea
275 2595 364 2650 leceat
384 2610 432 2650 eos
454 2595 488 2650 ad
509 2591 642 2651 maritum'
661 2596 707 2652 alil
729 2595 811 2671 dare,
844 2594 934 2667 libero
955 2601 1066 2660 tamen3
1095 2599 1123 2649 et
1142 2598 1215 2648 meta

154 2709 226 2764 quae
256 2700 350 2748 exacta
382 2691 466 2748 luerit
495 2693 530 2749 sit
560 2693 589 2748 in
620 2699 787 2766 potestatem
808 2694 918 2765 puellae
940 2700 987 2749 aut
1007 2691 1150 2757 mulieris,
1181 2707 1215 2746 eo

153 2789 231 2862 quod
253 2807 374 2863 sponsus
395 2790 467 2847 intra
489 2791 660 2864 prelenitum‘
679 2801 789 2864 tempus
811 2807 926 2847 uxorem
939 2805 1071 2863 accepere
1094 2788 1217 2846 neclexit

152 2895 201 2944 aut
221 2889 245 2944 si
267 2890 436 2946 voluntariae
458 2889 592 2960 dilatavit,
611 2898 727 2964 excepto
749 2889 942 2946 inevitavelem
964 2905 1057 2944 causa.

231 3021 314 3080 tao.
357 3022 387 3078 Si
409 3022 509 3078 dixerit
529 3038 649 3096 sponsus
679 3023 837 3096 desponsa
863 3037 912 3080 sua
941 3021 1019 3094 quod
1041 3020 1217 3078 adulterassit

151 3125 302 3194 postquam
323 3137 383 3178 eam
404 3129 565 3192 spunsatam
586 3121 702 3190 habuit,
735 3123 824 3178 leceat
844 3120 1007 3194 parentibus
1035 3134 1096 3174 eam
1117 3119 1215 3192 purifi-

153 3235 216 3275 care
238 3235 302 3276 cum
323 3218 473 3277 duodicem
494 3219 761 3289 sagramentalibust
785 3225 852 3274 tunc
872 3225 937 3291 post
956 3218 1145 3291 puriligatam,
1168 3235 1214 3275 ac-

153 3316 237 3390 cipiat
257 3335 289 3374 ea
310 3333 430 3389 sponsus
450 3319 523 3374 siout
543 3318 573 3374 in
594 3317 680 3390 priori
703 3317 796 3373 tabula
817 3317 901 3376 stetit.
944 3317 980 3372 Et
1009 3316 1031 3372 si
1062 3324 1213 3390 postquam

152 3413 330 3486 purifigatam
360 3415 443 3472 luerit
473 3432 504 3471 ea
536 3417 633 3472 tollere
665 3431 780 3472 onorem
802 3413 973 3484 neclexerit,
1006 3413 1042 3470 sit
1063 3417 1214 3488 culpavelrs

152 3527 273 3586 sponsus
291 3513 405 3570 doblam
426 3520 529 3570 metam
542 3520 679 3586 quantum
694 3513 799 3568 dietum
821 3519 862 3568 est
882 3511 919 3567 in.
933 3511 995 3570 diac
1017 3513 1076 3582 illa,
1100 3515 1213 3586 quando

152 3611 242 3672 tavola
263 3609 369 3668 firmata
391 3611 453 3668 luit.
496 3613 533 3667 Et
552 3611 574 3668 si
593 3612 726 3684 parentis,
752 3618 782 3667 ut
802 3610 907 3668 dictum
927 3617 979 3679 est,
1003 3629 1065 3668 eam
1077 3613 1213 3668 mundare

154 3729 212 3770 non
226 3711 349 3786 potuerit
369 3713 404 3768 de
424 3712 486 3785 ipso
502 3712 619 3777 crimen,
643 3719 711 3790 tuno
726 3727 846 3783 sponsus
862 3709 979 3783 recipiat
999 3727 1043 3766 res
1063 3727 1126 3766 suas
1143 3727 1213 3782 quas

153 3811 239 3881 dedit,
263 3819 291 3866 et
310 3811 356 3866 illa
378 3810 498 3884 patiatur
517 3824 590 3882 pena
611 3808 757 3877 adulterii,
780 3810 851 3866 sicut
870 3810 899 3864 iu
921 3808 975 3866 lroc
995 3808 1125 3864 Edictum
1146 3823 1213 3863 con-

151 3911 278 3968 stitutum
299 3915 350 3965 est.

231 4026 320 4085 leo.
341 4021 387 4096 (Si
402 4027 493 4098 puello
513 4033 640 4097 mensola
659 4025 764 4082 lebroso
783 4007 964 4099 oppumettt.)
992 4025 1022 4081 Si
1044 4023 1210 4096 contegent,

152 4131 301 4198 postquam
322 4124 445 4195 puellam
465 4130 514 4182 aut
533 4123 635 4180 mulier
655 4128 814 4196 sponsatam
835 4122 935 4193 luerit,
965 4126 1075 4184 lehrosa
1096 4129 1144 4182 aut
1164 4123 1214 4179 de·

151 4221 284 4295 moniaga
305 4229 353 4279 aut
374 4220 408 4277 de
430 4223 526 4280 ambos
548 4223 644 4279 oculos
662 4227 792 4292 excegata
812 4222 981 4294 apperuerit,
1005 4231 1072 4282 tunc
1093 4237 1212 4298 sponsus

152 4321 269 4396 recipiat
291 4337 334 4378 res
346 4335 420 4390 suas,
442 4328 469 4378 et
487 4332 544 4378 rton
557 4322 731 4394 conpellatur
747 4320 834 4393 ipsam
851 4320 953 4378 inritus
972 4324 1070 4380 tollere
1083 4339 1208 4396 onorem,

152 4438 206 4480 nec
225 4436 277 4494 pro
298 4419 349 4478 hac
365 4435 448 4478 causa
458 4419 658 4485 calomuietur3
681 4418 819 4496 quianon
837 4435 918 4476 suum
930 4421 1079 4481 neclictum
1094 4423 1208 4496 dimisit,

152 4522 201 4579 sed
222 4527 368 4596 peccatum
388 4519 559 4578 eminentem
579 4527 608 4578 et
626 4520 812 4593 egretutinem
832 4524 1082 4594 supervenientem.
