<?xml version="1.0" encoding="UTF-8"?>
<!DOCTYPE html PUBLIC "-//W3C//DTD XHTML 1.0 Transitional//EN"
    "http://www.w3.org/TR/xhtml1/DTD/xhtml1-transitional.dtd">
<html xmlns="http://www.w3.org/1999/xhtml" xml:lang="en" lang="en">
 <head>
  <title>
</title>
<meta http-equiv="Content-Type" content="text/html;charset=utf-8" />
  <meta name='ocr-system' content='tesseract 3.04.00' />
  <meta name='ocr-capabilities' content='ocr_page ocr_carea ocr_par ocr_line ocrx_word'/>
</head>
<body>
  <div class='ocr_page' id='page_1' title='image "./edictaregumlang01neiggoog_0118.png"; bbox 0 0 3170 5218; ppageno 0'>
   <div class='ocr_carea' id='block_1_1' title="bbox 464 473 1176 538">
    <p class='ocr_par' dir='ltr' id='par_1_1' title="bbox 464 473 1176 538">
     <span class='ocr_line' id='line_1_1' title="bbox 464 473 1176 538; baseline 0 -4"><span class='ocrx_word' id='word_1_1' title='bbox 464 491 603 536; x_wconf 78' lang='lat' dir='ltr'>norcrnw</span> <span class='ocrx_word' id='word_1_2' title='bbox 626 490 692 538; x_wconf 78' lang='lat' dir='ltr'>cnr.</span> <span class='ocrx_word' id='word_1_3' title='bbox 709 485 849 530; x_wconf 45' lang='lat' dir='ltr'>trenna.</span> <span class='ocrx_word' id='word_1_4' title='bbox 1134 473 1176 534; x_wconf 80' lang='grc'>99</span> 
     </span>
    </p>
   </div>
   <div class='ocr_carea' id='block_1_2' title="bbox 120 638 1181 1598">
    <p class='ocr_par' dir='ltr' id='par_1_2' title="bbox 120 638 1181 1598">
     <span class='ocr_line' id='line_1_2' title="bbox 121 638 1178 714; baseline -0.002 -14"><span class='ocrx_word' id='word_1_5' title='bbox 121 657 184 700; x_wconf 78' lang='lat' dir='ltr'>cum</span> <span class='ocrx_word' id='word_1_6' title='bbox 204 657 372 700; x_wconf 84' lang='lat' dir='ltr'>eonsensum</span> <span class='ocrx_word' id='word_1_7' title='bbox 397 640 484 714; x_wconf 88' lang='lat' dir='ltr'>ipsius</span> <span class='ocrx_word' id='word_1_8' title='bbox 499 640 655 710; x_wconf 88' lang='lat' dir='ltr'>mulieris,</span> <span class='ocrx_word' id='word_1_9' title='bbox 685 647 713 698; x_wconf 85' lang='lat' dir='ltr'>et</span> <span class='ocrx_word' id='word_1_10' title='bbox 731 648 883 713; x_wconf 86' lang='lat' dir='ltr'>provatum</span> <span class='ocrx_word' id='word_1_11' title='bbox 907 638 1007 710; x_wconf 83' lang='lat' dir='ltr'>inerit,</span> <span class='ocrx_word' id='word_1_12' title='bbox 1037 647 1178 712; x_wconf 91' lang='lat' dir='ltr'>conponat</span> 
     </span>
     <span class='ocr_line' id='line_1_3' title="bbox 121 737 1179 816; baseline -0.003 -19"><span class='ocrx_word' id='word_1_13' title='bbox 121 740 170 813; x_wconf 85' lang='lat' dir='ltr'>qui</span> <span class='ocrx_word' id='word_1_14' title='bbox 190 741 244 796; x_wconf 87' lang='lat' dir='ltr'>hoc</span> <span class='ocrx_word' id='word_1_15' title='bbox 264 743 368 800; x_wconf 88' lang='lat' dir='ltr'>malum</span> <span class='ocrx_word' id='word_1_16' title='bbox 382 738 537 812; x_wconf 74' lang='lat' dir='ltr'>penetravit</span> <span class='ocrx_word' id='word_1_17' title='bbox 552 737 690 808; x_wconf 74' lang='lat' dir='ltr'>widrigild</span> <span class='ocrx_word' id='word_1_18' title='bbox 711 754 790 794; x_wconf 88' lang='lat' dir='ltr'>suum</span> <span class='ocrx_word' id='word_1_19' title='bbox 811 740 846 795; x_wconf 85' lang='lat' dir='ltr'>ad</span> <span class='ocrx_word' id='word_1_20' title='bbox 864 738 995 796; x_wconf 83' lang='lat' dir='ltr'>maritum</span> <span class='ocrx_word' id='word_1_21' title='bbox 1011 739 1179 816; x_wconf 16' lang='lat' dir='ltr'>ipsine—mu-</span> 
     </span>
     <span class='ocr_line' id='line_1_4' title="bbox 120 836 1180 912; baseline 0.001 -18"><span class='ocrx_word' id='word_1_22' title='bbox 120 839 215 904; x_wconf 73' lang='lat' dir='ltr'>lieris3</span> <span class='ocrx_word' id='word_1_23' title='bbox 238 838 260 896; x_wconf 90' lang='lat' dir='ltr'>si</span> <span class='ocrx_word' id='word_1_24' title='bbox 283 847 375 908; x_wconf 85' lang='lat' dir='ltr'>eutem</span> <span class='ocrx_word' id='word_1_25' title='bbox 398 855 479 896; x_wconf 83' lang='lat' dir='ltr'>eausa</span> <span class='ocrx_word' id='word_1_26' title='bbox 502 854 558 894; x_wconf 91' lang='lat' dir='ltr'>non</span> <span class='ocrx_word' id='word_1_27' title='bbox 579 836 664 894; x_wconf 85' lang='lat' dir='ltr'>luerit</span> <span class='ocrx_word' id='word_1_28' title='bbox 678 846 804 910; x_wconf 73' lang='lat' dir='ltr'>provata,</span> <span class='ocrx_word' id='word_1_29' title='bbox 828 838 1087 896; x_wconf 89' lang='lat' dir='ltr'>uisitantummodo</span> <span class='ocrx_word' id='word_1_30' title='bbox 1103 839 1180 912; x_wconf 87' lang='lat' dir='ltr'>quis·</span> 
     </span>
     <span class='ocr_line' id='line_1_5' title="bbox 120 936 1179 1010; baseline -0.002 -16"><span class='ocrx_word' id='word_1_31' title='bbox 120 937 194 1010; x_wconf 88' lang='lat' dir='ltr'>piam</span> <span class='ocrx_word' id='word_1_32' title='bbox 216 938 251 994; x_wconf 90' lang='lat' dir='ltr'>de</span> <span class='ocrx_word' id='word_1_33' title='bbox 271 944 398 1010; x_wconf 87' lang='lat' dir='ltr'>suspecto</span> <span class='ocrx_word' id='word_1_34' title='bbox 420 936 505 992; x_wconf 89' lang='lat' dir='ltr'>alium</span> <span class='ocrx_word' id='word_1_35' title='bbox 521 937 561 992; x_wconf 90' lang='lat' dir='ltr'>de</span> <span class='ocrx_word' id='word_1_36' title='bbox 583 951 697 992; x_wconf 85' lang='lat' dir='ltr'>uxorem</span> <span class='ocrx_word' id='word_1_37' title='bbox 727 951 804 996; x_wconf 83' lang='lat' dir='ltr'>suam</span> <span class='ocrx_word' id='word_1_38' title='bbox 832 937 1048 1009; x_wconf 78' lang='lat' dir='ltr'>conpellerent,</span> <span class='ocrx_word' id='word_1_39' title='bbox 1078 936 1179 994; x_wconf 72' lang='lat' dir='ltr'>hamat</span> 
     </span>
     <span class='ocr_line' id='line_1_6' title="bbox 120 1023 1180 1108; baseline 0 -18"><span class='ocrx_word' id='word_1_40' title='bbox 120 1035 262 1091; x_wconf 81' lang='lat' dir='ltr'>licentiam</span> <span class='ocrx_word' id='word_1_41' title='bbox 292 1035 351 1108; x_wconf 87' lang='lat' dir='ltr'>ipse</span> <span class='ocrx_word' id='word_1_42' title='bbox 373 1034 420 1108; x_wconf 90' lang='lat' dir='ltr'>qui</span> <span class='ocrx_word' id='word_1_43' title='bbox 442 1034 583 1106; x_wconf 89' lang='lat' dir='ltr'>conpellat</span> <span class='ocrx_word' id='word_1_44' title='bbox 611 1033 713 1090; x_wconf 91' lang='lat' dir='ltr'>autad</span> <span class='ocrx_word' id='word_1_45' title='bbox 734 1049 828 1106; x_wconf 78' lang='lat' dir='ltr'>pugna</span> <span class='ocrx_word' id='word_1_46' title='bbox 848 1034 951 1091; x_wconf 83' lang='lat' dir='ltr'>autad</span> <span class='ocrx_word' id='word_1_47' title='bbox 971 1023 1180 1106; x_wconf 78' lang='lat' dir='ltr'>sagramentum</span> 
     </span>
     <span class='ocr_line' id='line_1_7' title="bbox 120 1129 1180 1205; baseline 0.001 -17"><span class='ocrx_word' id='word_1_48' title='bbox 120 1133 211 1204; x_wconf 88' lang='lat' dir='ltr'>ipsum</span> <span class='ocrx_word' id='word_1_49' title='bbox 232 1133 375 1190; x_wconf 90' lang='lat' dir='ltr'>hominem</span> <span class='ocrx_word' id='word_1_50' title='bbox 395 1147 512 1205; x_wconf 80' lang='lat' dir='ltr'>querere</span> <span class='ocrx_word' id='word_1_51' title='bbox 534 1129 653 1203; x_wconf 78' lang='lat' dir='ltr'>qualiter</span> <span class='ocrx_word' id='word_1_52' title='bbox 679 1131 808 1200; x_wconf 84' lang='lat' dir='ltr'>voluerit.</span> <span class='ocrx_word' id='word_1_53' title='bbox 852 1131 882 1188; x_wconf 92' lang='lat' dir='ltr'>Si</span> <span class='ocrx_word' id='word_1_54' title='bbox 908 1149 975 1188; x_wconf 80' lang='lat' dir='ltr'>vero</span> <span class='ocrx_word' id='word_1_55' title='bbox 999 1133 1060 1205; x_wconf 89' lang='lat' dir='ltr'>ipsa</span> <span class='ocrx_word' id='word_1_56' title='bbox 1080 1133 1180 1190; x_wconf 87' lang='lat' dir='ltr'>mulier</span> 
     </span>
     <span class='ocr_line' id='line_1_8' title="bbox 122 1227 1180 1302; baseline 0 -16"><span class='ocrx_word' id='word_1_57' title='bbox 122 1231 150 1286; x_wconf 92' lang='lat' dir='ltr'>in</span> <span class='ocrx_word' id='word_1_58' title='bbox 181 1231 234 1287; x_wconf 87' lang='lat' dir='ltr'>hac</span> <span class='ocrx_word' id='word_1_59' title='bbox 261 1230 373 1288; x_wconf 83' lang='lat' dir='ltr'>inlecitn</span> <span class='ocrx_word' id='word_1_60' title='bbox 406 1245 516 1286; x_wconf 85' lang='lat' dir='ltr'>eausam</span> <span class='ocrx_word' id='word_1_61' title='bbox 548 1227 727 1284; x_wconf 87' lang='lat' dir='ltr'>consentiens</span> <span class='ocrx_word' id='word_1_62' title='bbox 757 1227 858 1295; x_wconf 84' lang='lat' dir='ltr'>inerit,</span> <span class='ocrx_word' id='word_1_63' title='bbox 892 1236 1055 1302; x_wconf 84' lang='lat' dir='ltr'>potestatem</span> <span class='ocrx_word' id='word_1_64' title='bbox 1080 1231 1180 1288; x_wconf 78' lang='lat' dir='ltr'>haheat</span> 
     </span>
     <span class='ocr_line' id='line_1_9' title="bbox 120 1326 1179 1400; baseline 0 -16"><span class='ocrx_word' id='word_1_65' title='bbox 120 1331 237 1385; x_wconf 84' lang='lat' dir='ltr'>maritus</span> <span class='ocrx_word' id='word_1_66' title='bbox 258 1328 316 1400; x_wconf 82' lang='lat' dir='ltr'>ejus</span> <span class='ocrx_word' id='word_1_67' title='bbox 337 1328 366 1384; x_wconf 90' lang='lat' dir='ltr'>in</span> <span class='ocrx_word' id='word_1_68' title='bbox 387 1345 449 1384; x_wconf 89' lang='lat' dir='ltr'>eam</span> <span class='ocrx_word' id='word_1_69' title='bbox 470 1326 591 1384; x_wconf 75' lang='lat' dir='ltr'>vindicta</span> <span class='ocrx_word' id='word_1_70' title='bbox 612 1326 696 1396; x_wconf 83' lang='lat' dir='ltr'>dere,</span> <span class='ocrx_word' id='word_1_71' title='bbox 728 1326 782 1382; x_wconf 86' lang='lat' dir='ltr'>sibi</span> <span class='ocrx_word' id='word_1_72' title='bbox 813 1326 842 1383; x_wconf 91' lang='lat' dir='ltr'>in</span> <span class='ocrx_word' id='word_1_73' title='bbox 869 1326 1036 1400; x_wconf 79' lang='lat' dir='ltr'>disciplina,</span> <span class='ocrx_word' id='word_1_74' title='bbox 1069 1327 1121 1385; x_wconf 86' lang='lat' dir='ltr'>sibi</span> <span class='ocrx_word' id='word_1_75' title='bbox 1149 1330 1179 1384; x_wconf 92' lang='lat' dir='ltr'>in</span> 
     </span>
     <span class='ocr_line' id='line_1_10' title="bbox 121 1419 1180 1496; baseline 0.001 -14"><span class='ocrx_word' id='word_1_76' title='bbox 121 1426 309 1483; x_wconf 70' lang='lat' dir='ltr'>vindicionem</span> <span class='ocrx_word' id='word_1_77' title='bbox 330 1426 377 1482; x_wconf 85' lang='lat' dir='ltr'>nbi</span> <span class='ocrx_word' id='word_1_78' title='bbox 400 1425 535 1491; x_wconf 66' lang='lat' dir='ltr'>uoluerit¹</span> <span class='ocrx_word' id='word_1_79' title='bbox 556 1432 744 1482; x_wconf 71' lang='lat' dir='ltr'><strong>verumtamen</strong></span> <span class='ocrx_word' id='word_1_80' title='bbox 766 1440 824 1481; x_wconf 90' lang='lat' dir='ltr'>non</span> <span class='ocrx_word' id='word_1_81' title='bbox 843 1419 995 1496; x_wconf 63' lang='lat' dir='ltr'>occidatun</span> <span class='ocrx_word' id='word_1_82' title='bbox 1017 1444 1072 1483; x_wconf 90' lang='lat' dir='ltr'>nee</span> <span class='ocrx_word' id='word_1_83' title='bbox 1092 1427 1116 1484; x_wconf 89' lang='lat' dir='ltr'>ei</span> <span class='ocrx_word' id='word_1_84' title='bbox 1138 1443 1180 1483; x_wconf 88' lang='lat' dir='ltr'>se·</span> 
     </span>
     <span class='ocr_line' id='line_1_11' title="bbox 122 1523 1181 1598; baseline -0.002 -16"><span class='ocrx_word' id='word_1_85' title='bbox 122 1525 206 1582; x_wconf 88' lang='lat' dir='ltr'>matio</span> <span class='ocrx_word' id='word_1_86' title='bbox 227 1525 352 1596; x_wconf 82' lang='lat' dir='ltr'>corpcrls</span> <span class='ocrx_word' id='word_1_87' title='bbox 372 1524 429 1583; x_wconf 81' lang='lat' dir='ltr'>fiat</span> <span class='ocrx_word' id='word_1_88' title='bbox 470 1523 501 1580; x_wconf 92' lang='lat' dir='ltr'>Si</span> <span class='ocrx_word' id='word_1_89' title='bbox 530 1523 644 1596; x_wconf 88' lang='lat' dir='ltr'>quidem</span> <span class='ocrx_word' id='word_1_90' title='bbox 671 1523 802 1581; x_wconf 71' lang='lat' dir='ltr'>forsitans</span> <span class='ocrx_word' id='word_1_91' title='bbox 826 1524 888 1582; x_wconf 84' lang='lat' dir='ltr'>talis</span> <span class='ocrx_word' id='word_1_92' title='bbox 915 1524 976 1598; x_wconf 87' lang='lat' dir='ltr'>ipse</span> <span class='ocrx_word' id='word_1_93' title='bbox 1000 1525 1084 1581; x_wconf 84' lang='lat' dir='ltr'>inerit</span> <span class='ocrx_word' id='word_1_94' title='bbox 1109 1525 1181 1583; x_wconf 86' lang='lat' dir='ltr'>liber</span> 
     </span>
    </p>
   </div>
   <div class='ocr_carea' id='block_1_3' title="bbox 11 1621 1180 1698">
    <p class='ocr_par' dir='ltr' id='par_1_3' title="bbox 11 1621 1180 1698">
     <span class='ocr_line' id='line_1_12' title="bbox 11 1621 1180 1698; baseline -0.001 -18"><span class='ocrx_word' id='word_1_95' title='bbox 11 1689 13 1694; x_wconf 43' lang='grc'>,</span> <span class='ocrx_word' id='word_1_96' title='bbox 122 1625 217 1693; x_wconf 84' lang='lat' dir='ltr'>homo,</span> <span class='ocrx_word' id='word_1_97' title='bbox 239 1622 366 1695; x_wconf 86' lang='lat' dir='ltr'>quinon</span> <span class='ocrx_word' id='word_1_98' title='bbox 388 1621 489 1678; x_wconf 82' lang='lat' dir='ltr'>babeat</span> <span class='ocrx_word' id='word_1_99' title='bbox 509 1621 584 1679; x_wconf 87' lang='lat' dir='ltr'>unde</span> <span class='ocrx_word' id='word_1_100' title='bbox 605 1621 829 1695; x_wconf 76' lang='lat' dir='ltr'>conpositionem</span> <span class='ocrx_word' id='word_1_101' title='bbox 850 1623 941 1688; x_wconf 85' lang='lat' dir='ltr'>iaciat,</span> <span class='ocrx_word' id='word_1_102' title='bbox 968 1630 1032 1681; x_wconf 88' lang='lat' dir='ltr'>tunc</span> <span class='ocrx_word' id='word_1_103' title='bbox 1052 1624 1180 1698; x_wconf 84' lang='lat' dir='ltr'>poplicus</span> 
     </span>
    </p>
   </div>
   <div class='ocr_carea' id='block_1_4' title="bbox 108 1720 1240 4620">
    <p class='ocr_par' dir='ltr' id='par_1_4' title="bbox 108 1720 1182 3166">
     <span class='ocr_line' id='line_1_13' title="bbox 122 1720 1182 1794; baseline 0.002 -17"><span class='ocrx_word' id='word_1_104' title='bbox 122 1721 218 1778; x_wconf 76' lang='lat' dir='ltr'>deveat</span> <span class='ocrx_word' id='word_1_105' title='bbox 245 1737 309 1778; x_wconf 80' lang='lat' dir='ltr'>enm</span> <span class='ocrx_word' id='word_1_106' title='bbox 337 1720 403 1776; x_wconf 90' lang='lat' dir='ltr'>dare</span> <span class='ocrx_word' id='word_1_107' title='bbox 430 1720 459 1776; x_wconf 92' lang='lat' dir='ltr'>in</span> <span class='ocrx_word' id='word_1_108' title='bbox 481 1736 596 1778; x_wconf 88' lang='lat' dir='ltr'>manum</span> <span class='ocrx_word' id='word_1_109' title='bbox 615 1721 706 1777; x_wconf 84' lang='lat' dir='ltr'>meriti</span> <span class='ocrx_word' id='word_1_110' title='bbox 728 1721 805 1794; x_wconf 86' lang='lat' dir='ltr'>ejus,</span> <span class='ocrx_word' id='word_1_111' title='bbox 834 1727 862 1778; x_wconf 79' lang='lat' dir='ltr'>ct</span> <span class='ocrx_word' id='word_1_112' title='bbox 878 1721 942 1794; x_wconf 71' lang='lat' dir='ltr'>,ipse</span> <span class='ocrx_word' id='word_1_113' title='bbox 962 1721 992 1777; x_wconf 92' lang='lat' dir='ltr'>in</span> <span class='ocrx_word' id='word_1_114' title='bbox 1014 1739 1076 1778; x_wconf 90' lang='lat' dir='ltr'>eum</span> <span class='ocrx_word' id='word_1_115' title='bbox 1099 1722 1182 1780; x_wconf 82' lang='lat' dir='ltr'>saciat</span> 
     </span>
     <span class='ocr_line' id='line_1_14' title="bbox 121 1817 1181 1892; baseline 0.001 -18"><span class='ocrx_word' id='word_1_116' title='bbox 121 1819 241 1876; x_wconf 85' lang='lat' dir='ltr'>vindicta</span> <span class='ocrx_word' id='word_1_117' title='bbox 263 1821 291 1875; x_wconf 90' lang='lat' dir='ltr'>in</span> <span class='ocrx_word' id='word_1_118' title='bbox 314 1818 491 1892; x_wconf 82' lang='lat' dir='ltr'>disciplinam</span> <span class='ocrx_word' id='word_1_119' title='bbox 513 1824 540 1874; x_wconf 89' lang='lat' dir='ltr'>et</span> <span class='ocrx_word' id='word_1_120' title='bbox 561 1817 590 1873; x_wconf 95' lang='lat' dir='ltr'>in</span> <span class='ocrx_word' id='word_1_121' title='bbox 612 1818 817 1885; x_wconf 78' lang='lat' dir='ltr'>vindicionem,</span> <span class='ocrx_word' id='word_1_122' title='bbox 847 1836 912 1876; x_wconf 88' lang='lat' dir='ltr'>nam</span> <span class='ocrx_word' id='word_1_123' title='bbox 933 1837 991 1876; x_wconf 91' lang='lat' dir='ltr'>non</span> <span class='ocrx_word' id='word_1_124' title='bbox 1012 1819 1043 1876; x_wconf 90' lang='lat' dir='ltr'>in</span> <span class='ocrx_word' id='word_1_125' title='bbox 1064 1819 1181 1878; x_wconf 86' lang='lat' dir='ltr'>occisio-</span> 
     </span>
     <span class='ocr_line' id='line_1_15' title="bbox 123 1902 1181 1976; baseline 0 -2"><span class='ocrx_word' id='word_1_126' title='bbox 123 1934 186 1974; x_wconf 89' lang='lat' dir='ltr'>nem</span> <span class='ocrx_word' id='word_1_127' title='bbox 208 1925 255 1973; x_wconf 87' lang='lat' dir='ltr'>aut</span> <span class='ocrx_word' id='word_1_128' title='bbox 275 1917 303 1973; x_wconf 94' lang='lat' dir='ltr'>in</span> <span class='ocrx_word' id='word_1_129' title='bbox 327 1917 519 1975; x_wconf 84' lang='lat' dir='ltr'>semotionem.</span> <span class='ocrx_word' id='word_1_130' title='bbox 542 1915 571 1972; x_wconf 89' lang='lat' dir='ltr'>Si</span> <span class='ocrx_word' id='word_1_131' title='bbox 593 1924 685 1975; x_wconf 89' lang='lat' dir='ltr'>autem</span> <span class='ocrx_word' id='word_1_132' title='bbox 707 1917 796 1973; x_wconf 91' lang='lat' dir='ltr'>aldius</span> <span class='ocrx_word' id='word_1_133' title='bbox 817 1923 864 1973; x_wconf 84' lang='lat' dir='ltr'>aut</span> <span class='ocrx_word' id='word_1_134' title='bbox 883 1902 978 1974; x_wconf 81' lang='lat' dir='ltr'>servus</span> <span class='ocrx_word' id='word_1_135' title='bbox 999 1917 1105 1976; x_wconf 84' lang='lat' dir='ltr'>alienus</span> <span class='ocrx_word' id='word_1_136' title='bbox 1126 1919 1181 1974; x_wconf 84' lang='lat' dir='ltr'>line</span> 
     </span>
     <span class='ocr_line' id='line_1_16' title="bbox 122 2015 1181 2089; baseline -0.002 -17"><span class='ocrx_word' id='word_1_137' title='bbox 122 2017 226 2072; x_wconf 86' lang='lat' dir='ltr'>malum</span> <span class='ocrx_word' id='word_1_138' title='bbox 254 2016 283 2072; x_wconf 92' lang='lat' dir='ltr'>in</span> <span class='ocrx_word' id='word_1_139' title='bbox 309 2015 398 2071; x_wconf 84' lang='lat' dir='ltr'>libero</span> <span class='ocrx_word' id='word_1_140' title='bbox 419 2015 565 2071; x_wconf 86' lang='lat' dir='ltr'>mulierem</span> <span class='ocrx_word' id='word_1_141' title='bbox 591 2015 681 2072; x_wconf 81' lang='lat' dir='ltr'>lacere</span> <span class='ocrx_word' id='word_1_142' title='bbox 702 2015 920 2088; x_wconf 79' lang='lat' dir='ltr'>presumpserit,</span> <span class='ocrx_word' id='word_1_143' title='bbox 951 2022 1017 2077; x_wconf 81' lang='lat' dir='ltr'>tunc</span> <span class='ocrx_word' id='word_1_144' title='bbox 1047 2023 1181 2089; x_wconf 87' lang='lat' dir='ltr'>patronus</span> 
     </span>
     <span class='ocr_line' id='line_1_17' title="bbox 109 2112 1181 2188; baseline 0.002 -18"><span class='ocrx_word' id='word_1_145' title='bbox 109 2114 180 2187; x_wconf 66' lang='lat' dir='ltr'>,cire</span> <span class='ocrx_word' id='word_1_146' title='bbox 201 2121 343 2186; x_wconf 90' lang='lat' dir='ltr'>conponat</span> <span class='ocrx_word' id='word_1_147' title='bbox 363 2114 398 2172; x_wconf 89' lang='lat' dir='ltr'>ad</span> <span class='ocrx_word' id='word_1_148' title='bbox 419 2113 517 2169; x_wconf 81' lang='lat' dir='ltr'>marito</span> <span class='ocrx_word' id='word_1_149' title='bbox 538 2112 624 2186; x_wconf 86' lang='lat' dir='ltr'>ipsius</span> <span class='ocrx_word' id='word_1_150' title='bbox 643 2112 768 2170; x_wconf 86' lang='lat' dir='ltr'>mulieris</span> <span class='ocrx_word' id='word_1_151' title='bbox 786 2113 892 2170; x_wconf 86' lang='lat' dir='ltr'>solidos</span> <span class='ocrx_word' id='word_1_152' title='bbox 914 2121 967 2184; x_wconf 74' lang='lat' dir='ltr'>nx&#39;,</span> <span class='ocrx_word' id='word_1_153' title='bbox 991 2115 1097 2188; x_wconf 87' lang='lat' dir='ltr'>etipsa</span> <span class='ocrx_word' id='word_1_154' title='bbox 1118 2132 1181 2188; x_wconf 91' lang='lat' dir='ltr'>per·</span> 
     </span>
     <span class='ocr_line' id='line_1_18' title="bbox 108 2209 1181 2294; baseline 0.003 -27"><span class='ocrx_word' id='word_1_155' title='bbox 108 2229 191 2294; x_wconf 85' lang='lat' dir='ltr'>sona</span> <span class='ocrx_word' id='word_1_156' title='bbox 212 2211 253 2269; x_wconf 89' lang='lat' dir='ltr'>dit</span> <span class='ocrx_word' id='word_1_157' title='bbox 273 2212 298 2268; x_wconf 88' lang='lat' dir='ltr'>ei</span> <span class='ocrx_word' id='word_1_158' title='bbox 320 2211 352 2268; x_wconf 91' lang='lat' dir='ltr'>ln</span> <span class='ocrx_word' id='word_1_159' title='bbox 370 2227 465 2268; x_wconf 85' lang='lat' dir='ltr'>manu.</span> <span class='ocrx_word' id='word_1_160' title='bbox 505 2209 536 2265; x_wconf 89' lang='lat' dir='ltr'>Si</span> <span class='ocrx_word' id='word_1_161' title='bbox 557 2227 623 2269; x_wconf 84' lang='lat' dir='ltr'>vero</span> <span class='ocrx_word' id='word_1_162' title='bbox 643 2224 736 2268; x_wconf 76' lang='lat' dir='ltr'>servits</span> <span class='ocrx_word' id='word_1_163' title='bbox 757 2217 804 2267; x_wconf 81' lang='lat' dir='ltr'>aut</span> <span class='ocrx_word' id='word_1_164' title='bbox 823 2211 914 2268; x_wconf 81' lang='lat' dir='ltr'>aldius</span> <span class='ocrx_word' id='word_1_165' title='bbox 928 2212 1042 2269; x_wconf 79' lang='lat' dir='ltr'>&#39;alienus</span> <span class='ocrx_word' id='word_1_166' title='bbox 1063 2229 1113 2286; x_wconf 78' lang='lat' dir='ltr'>per</span> <span class='ocrx_word' id='word_1_167' title='bbox 1132 2230 1181 2270; x_wconf 83' lang='lat' dir='ltr'>vo-</span> 
     </span>
     <span class='ocr_line' id='line_1_19' title="bbox 122 2307 1178 2384; baseline 0.003 -19"><span class='ocrx_word' id='word_1_168' title='bbox 122 2310 256 2366; x_wconf 82' lang='lat' dir='ltr'>lontatem</span> <span class='ocrx_word' id='word_1_169' title='bbox 277 2308 386 2366; x_wconf 88' lang='lat' dir='ltr'>domini</span> <span class='ocrx_word' id='word_1_170' title='bbox 407 2308 450 2364; x_wconf 87' lang='lat' dir='ltr'>sui</span> <span class='ocrx_word' id='word_1_171' title='bbox 471 2308 525 2364; x_wconf 89' lang='lat' dir='ltr'>hoe</span> <span class='ocrx_word' id='word_1_172' title='bbox 546 2309 649 2364; x_wconf 84' lang='lat' dir='ltr'>molum</span> <span class='ocrx_word' id='word_1_173' title='bbox 666 2307 761 2364; x_wconf 86' lang='lat' dir='ltr'>lecerit</span> <span class='ocrx_word' id='word_1_174' title='bbox 782 2308 858 2381; x_wconf 88' lang='lat' dir='ltr'>quod</span> <span class='ocrx_word' id='word_1_175' title='bbox 872 2325 954 2383; x_wconf 86' lang='lat' dir='ltr'>supra</span> <span class='ocrx_word' id='word_1_176' title='bbox 972 2311 1104 2384; x_wconf 82' lang='lat' dir='ltr'>scriptum</span> <span class='ocrx_word' id='word_1_177' title='bbox 1126 2317 1178 2381; x_wconf 85' lang='lat' dir='ltr'>est,</span> 
     </span>
     <span class='ocr_line' id='line_1_20' title="bbox 122 2399 1181 2483; baseline 0.002 -19"><span class='ocrx_word' id='word_1_178' title='bbox 122 2414 150 2464; x_wconf 81' lang='lat' dir='ltr'>et</span> <span class='ocrx_word' id='word_1_179' title='bbox 171 2414 314 2480; x_wconf 84' lang='lat' dir='ltr'>provatum</span> <span class='ocrx_word' id='word_1_180' title='bbox 337 2407 421 2463; x_wconf 80' lang='lat' dir='ltr'>luerit</span> <span class='ocrx_word' id='word_1_181' title='bbox 440 2407 517 2478; x_wconf 86' lang='lat' dir='ltr'>quod</span> <span class='ocrx_word' id='word_1_182' title='bbox 538 2406 597 2479; x_wconf 92' lang='lat' dir='ltr'>ipse</span> <span class='ocrx_word' id='word_1_183' title='bbox 623 2405 754 2464; x_wconf 78' lang='lat' dir='ltr'>dominns</span> <span class='ocrx_word' id='word_1_184' title='bbox 776 2408 935 2477; x_wconf 88' lang='lat' dir='ltr'>consensit,</span> <span class='ocrx_word' id='word_1_185' title='bbox 963 2399 1121 2483; x_wconf 82' lang='lat' dir='ltr'>conponat,</span> <span class='ocrx_word' id='word_1_186' title='bbox 1144 2410 1181 2466; x_wconf 89' lang='lat' dir='ltr'>si·</span> 
     </span>
     <span class='ocr_line' id='line_1_21' title="bbox 123 2503 1180 2578; baseline -0.001 -14"><span class='ocrx_word' id='word_1_187' title='bbox 123 2513 169 2564; x_wconf 88' lang='lat' dir='ltr'>cut</span> <span class='ocrx_word' id='word_1_188' title='bbox 188 2521 290 2578; x_wconf 87' lang='lat' dir='ltr'>supra,</span> <span class='ocrx_word' id='word_1_189' title='bbox 319 2504 457 2576; x_wconf 80' lang='lat' dir='ltr'>widrigild</span> <span class='ocrx_word' id='word_1_190' title='bbox 478 2521 575 2568; x_wconf 89' lang='lat' dir='ltr'>suum,</span> <span class='ocrx_word' id='word_1_191' title='bbox 605 2503 645 2560; x_wconf 80' lang='lat' dir='ltr'>sic</span> <span class='ocrx_word' id='word_1_192' title='bbox 666 2509 758 2561; x_wconf 87' lang='lat' dir='ltr'>tamen</span> <span class='ocrx_word' id='word_1_193' title='bbox 779 2512 810 2561; x_wconf 92' lang='lat' dir='ltr'>ut</span> <span class='ocrx_word' id='word_1_194' title='bbox 829 2505 891 2578; x_wconf 87' lang='lat' dir='ltr'>ipse</span> <span class='ocrx_word' id='word_1_195' title='bbox 910 2523 1003 2563; x_wconf 85' lang='lat' dir='ltr'>servus</span> <span class='ocrx_word' id='word_1_196' title='bbox 1025 2514 1071 2564; x_wconf 87' lang='lat' dir='ltr'>ant</span> <span class='ocrx_word' id='word_1_197' title='bbox 1091 2509 1180 2564; x_wconf 90' lang='lat' dir='ltr'>aldius</span> 
     </span>
     <span class='ocr_line' id='line_1_22' title="bbox 122 2603 1181 2677; baseline 0 -15"><span class='ocrx_word' id='word_1_198' title='bbox 122 2606 152 2663; x_wconf 93' lang='lat' dir='ltr'>in</span> <span class='ocrx_word' id='word_1_199' title='bbox 172 2604 234 2677; x_wconf 79' lang='lat' dir='ltr'>ipsa</span> <span class='ocrx_word' id='word_1_200' title='bbox 254 2603 482 2676; x_wconf 85' lang='lat' dir='ltr'>conpositionem.</span> <span class='ocrx_word' id='word_1_201' title='bbox 498 2603 630 2660; x_wconf 84' lang='lat' dir='ltr'>tradatur.</span> <span class='ocrx_word' id='word_1_202' title='bbox 672 2603 707 2658; x_wconf 85' lang='lat' dir='ltr'>Et</span> <span class='ocrx_word' id='word_1_203' title='bbox 734 2603 756 2660; x_wconf 92' lang='lat' dir='ltr'>si</span> <span class='ocrx_word' id='word_1_204' title='bbox 778 2611 892 2677; x_wconf 76' lang='lat' dir='ltr'>provata</span> <span class='ocrx_word' id='word_1_205' title='bbox 913 2621 994 2662; x_wconf 89' lang='lat' dir='ltr'>causa</span> <span class='ocrx_word' id='word_1_206' title='bbox 1021 2623 1077 2664; x_wconf 85' lang='lat' dir='ltr'>non</span> <span class='ocrx_word' id='word_1_207' title='bbox 1099 2607 1181 2664; x_wconf 87' lang='lat' dir='ltr'>luerit</span> 
     </span>
     <span class='ocr_line' id='line_1_23' title="bbox 122 2700 1180 2790; baseline 0.001 -29"><span class='ocrx_word' id='word_1_208' title='bbox 122 2703 159 2762; x_wconf 83' lang='lat' dir='ltr'>de</span> <span class='ocrx_word' id='word_1_209' title='bbox 177 2701 285 2758; x_wconf 90' lang='lat' dir='ltr'>domini</span> <span class='ocrx_word' id='word_1_210' title='bbox 307 2701 368 2774; x_wconf 77' lang='lat' dir='ltr'>cios</span> <span class='ocrx_word' id='word_1_211' title='bbox 388 2701 575 2770; x_wconf 83' lang='lat' dir='ltr'>volontatem,</span> <span class='ocrx_word' id='word_1_212' title='bbox 597 2707 663 2756; x_wconf 87' lang='lat' dir='ltr'>tnnc</span> <span class='ocrx_word' id='word_1_213' title='bbox 683 2700 745 2772; x_wconf 83' lang='lat' dir='ltr'>ipse</span> <span class='ocrx_word' id='word_1_214' title='bbox 764 2702 896 2790; x_wconf 78' lang='lat' dir='ltr'>dominus</span> <span class='ocrx_word' id='word_1_215' title='bbox 916 2702 988 2759; x_wconf 88' lang='lat' dir='ltr'>servi</span> <span class='ocrx_word' id='word_1_216' title='bbox 1009 2711 1055 2764; x_wconf 88' lang='lat' dir='ltr'>aut</span> <span class='ocrx_word' id='word_1_217' title='bbox 1075 2705 1180 2762; x_wconf 88' lang='lat' dir='ltr'>aldioni</span> 
     </span>
     <span class='ocr_line' id='line_1_24' title="bbox 123 2799 1182 2874; baseline 0.001 -17"><span class='ocrx_word' id='word_1_218' title='bbox 123 2801 257 2874; x_wconf 83' lang='lat' dir='ltr'>purcdcet</span> <span class='ocrx_word' id='word_1_219' title='bbox 276 2815 306 2856; x_wconf 87' lang='lat' dir='ltr'>se</span> <span class='ocrx_word' id='word_1_220' title='bbox 328 2815 378 2871; x_wconf 86' lang='lat' dir='ltr'>per</span> <span class='ocrx_word' id='word_1_221' title='bbox 397 2805 604 2869; x_wconf 72' lang='lat' dir='ltr'>sagramentum</span> <span class='ocrx_word' id='word_1_222' title='bbox 623 2814 686 2854; x_wconf 90' lang='lat' dir='ltr'>cum</span> <span class='ocrx_word' id='word_1_223' title='bbox 706 2799 844 2870; x_wconf 78' lang='lat' dir='ltr'>legetimis</span> <span class='ocrx_word' id='word_1_224' title='bbox 864 2802 1129 2871; x_wconf 72' lang='lat' dir='ltr'>septemcaulinos,</span> <span class='ocrx_word' id='word_1_225' title='bbox 1152 2809 1182 2858; x_wconf 87' lang='lat' dir='ltr'>ut</span> 
     </span>
     <span class='ocr_line' id='line_1_25' title="bbox 122 2895 1182 2977; baseline 0.001 -22"><span class='ocrx_word' id='word_1_226' title='bbox 122 2899 153 2956; x_wconf 88' lang='lat' dir='ltr'>in</span> <span class='ocrx_word' id='word_1_227' title='bbox 174 2898 271 2970; x_wconf 80' lang='lat' dir='ltr'>ipsum</span> <span class='ocrx_word' id='word_1_228' title='bbox 286 2897 387 2953; x_wconf 89' lang='lat' dir='ltr'>malum</span> <span class='ocrx_word' id='word_1_229' title='bbox 413 2895 592 2954; x_wconf 79' lang='lat' dir='ltr'>consentiens</span> <span class='ocrx_word' id='word_1_230' title='bbox 619 2895 812 2965; x_wconf 74' lang='lat' dir='ltr'>nontuissit,</span> <span class='ocrx_word' id='word_1_231' title='bbox 844 2904 873 2954; x_wconf 85' lang='lat' dir='ltr'>et</span> <span class='ocrx_word' id='word_1_232' title='bbox 899 2900 933 2974; x_wconf 76' lang='lat' dir='ltr'>sit</span> <span class='ocrx_word' id='word_1_233' title='bbox 962 2901 1122 2977; x_wconf 60' lang='lat' dir='ltr'>absoluturi</span> <span class='ocrx_word' id='word_1_234' title='bbox 1154 2906 1182 2956; x_wconf 87' lang='lat' dir='ltr'>et</span> 
     </span>
     <span class='ocr_line' id='line_1_26' title="bbox 122 2979 1181 3068; baseline 0.001 -16"><span class='ocrx_word' id='word_1_235' title='bbox 122 3002 232 3058; x_wconf 80' lang='lat' dir='ltr'>tontum</span> <span class='ocrx_word' id='word_1_236' title='bbox 258 2995 306 3051; x_wconf 85' lang='lat' dir='ltr'>liat</span> <span class='ocrx_word' id='word_1_237' title='bbox 331 2994 401 3051; x_wconf 91' lang='lat' dir='ltr'>sicut</span> <span class='ocrx_word' id='word_1_238' title='bbox 428 3010 517 3066; x_wconf 85' lang='lat' dir='ltr'>supra·</span> <span class='ocrx_word' id='word_1_239' title='bbox 535 2994 713 3068; x_wconf 85' lang='lat' dir='ltr'>premisimus</span> <span class='ocrx_word' id='word_1_240' title='bbox 738 2995 780 3050; x_wconf 81' lang='lat' dir='ltr'>vel</span> <span class='ocrx_word' id='word_1_241' title='bbox 807 2996 956 3054; x_wconf 87' lang='lat' dir='ltr'>statuimus</span> <span class='ocrx_word' id='word_1_242' title='bbox 983 2997 1018 3054; x_wconf 89' lang='lat' dir='ltr'>de</span> <span class='ocrx_word' id='word_1_243' title='bbox 1039 3015 1117 3055; x_wconf 84' lang='lat' dir='ltr'>servo</span> <span class='ocrx_word' id='word_1_244' title='bbox 1138 2979 1181 3054; x_wconf 84' lang='lat' dir='ltr'>vel</span> 
     </span>
     <span class='ocr_line' id='line_1_27' title="bbox 124 3093 570 3166; baseline 0.002 -16"><span class='ocrx_word' id='word_1_245' title='bbox 124 3094 160 3151; x_wconf 85' lang='lat' dir='ltr'>de</span> <span class='ocrx_word' id='word_1_246' title='bbox 181 3093 337 3155; x_wconf 85' lang='lat' dir='ltr'>aldionem.</span> <span class='ocrx_word' id='word_1_247' title='bbox 566 3157 570 3166; x_wconf 57' lang='grc'>,</span> 
     </span>
    </p>

    <p class='ocr_par' dir='ltr' id='par_1_5' title="bbox 122 3188 1184 3852">
     <span class='ocr_line' id='line_1_28' title="bbox 203 3188 1182 3266; baseline -0.002 -16"><span class='ocrx_word' id='word_1_248' title='bbox 203 3189 278 3266; x_wconf 77' lang='lat' dir='ltr'>(Vl.)</span> <span class='ocrx_word' id='word_1_249' title='bbox 313 3193 395 3247; x_wconf 74' lang='lat' dir='ltr'>m.</span> <span class='ocrx_word' id='word_1_250' title='bbox 433 3188 463 3245; x_wconf 89' lang='lat' dir='ltr'>Si</span> <span class='ocrx_word' id='word_1_251' title='bbox 485 3189 547 3262; x_wconf 86' lang='lat' dir='ltr'>quis</span> <span class='ocrx_word' id='word_1_252' title='bbox 567 3189 651 3249; x_wconf 88' lang='lat' dir='ltr'>miser</span> <span class='ocrx_word' id='word_1_253' title='bbox 672 3195 699 3244; x_wconf 88' lang='lat' dir='ltr'>el</span> <span class='ocrx_word' id='word_1_254' title='bbox 719 3189 856 3262; x_wconf 88' lang='lat' dir='ltr'>insipieus</span> <span class='ocrx_word' id='word_1_255' title='bbox 877 3190 961 3249; x_wconf 84' lang='lat' dir='ltr'>hono</span> <span class='ocrx_word' id='word_1_256' title='bbox 982 3192 1182 3266; x_wconf 86' lang='lat' dir='ltr'>presumpserit</span> 
     </span>
     <span class='ocr_line' id='line_1_29' title="bbox 122 3286 1182 3364; baseline 0 -16"><span class='ocrx_word' id='word_1_257' title='bbox 122 3305 258 3364; x_wconf 82' lang='lat' dir='ltr'>sponsare</span> <span class='ocrx_word' id='word_1_258' title='bbox 289 3287 435 3345; x_wconf 82' lang='lat' dir='ltr'>mulierem</span> <span class='ocrx_word' id='word_1_259' title='bbox 457 3288 607 3346; x_wconf 77' lang='lat' dir='ltr'>habentem</span> <span class='ocrx_word' id='word_1_260' title='bbox 635 3304 716 3357; x_wconf 85' lang='lat' dir='ltr'>roro,</span> <span class='ocrx_word' id='word_1_261' title='bbox 754 3286 807 3344; x_wconf 89' lang='lat' dir='ltr'>sibi</span> <span class='ocrx_word' id='word_1_262' title='bbox 827 3287 890 3360; x_wconf 88' lang='lat' dir='ltr'>ipse</span> <span class='ocrx_word' id='word_1_263' title='bbox 917 3288 959 3345; x_wconf 81' lang='lat' dir='ltr'>vir</span> <span class='ocrx_word' id='word_1_264' title='bbox 986 3291 1045 3362; x_wconf 82' lang='lat' dir='ltr'>ejus</span> <span class='ocrx_word' id='word_1_265' title='bbox 1071 3297 1182 3362; x_wconf 74' lang='lat' dir='ltr'>egrotus</span> 
     </span>
     <span class='ocr_line' id='line_1_30' title="bbox 123 3385 1182 3457; baseline 0 -12"><span class='ocrx_word' id='word_1_266' title='bbox 123 3389 159 3445; x_wconf 89' lang='lat' dir='ltr'>sit</span> <span class='ocrx_word' id='word_1_267' title='bbox 179 3387 232 3445; x_wconf 82' lang='lat' dir='ltr'>stoi</span> <span class='ocrx_word' id='word_1_268' title='bbox 252 3403 351 3457; x_wconf 88' lang='lat' dir='ltr'>sanus,</span> <span class='ocrx_word' id='word_1_269' title='bbox 382 3386 558 3443; x_wconf 88' lang='lat' dir='ltr'>sicutmodo</span> <span class='ocrx_word' id='word_1_270' title='bbox 579 3393 607 3442; x_wconf 90' lang='lat' dir='ltr'>et</span> <span class='ocrx_word' id='word_1_271' title='bbox 634 3385 715 3442; x_wconf 89' lang='lat' dir='ltr'>nobis</span> <span class='ocrx_word' id='word_1_272' title='bbox 746 3387 829 3443; x_wconf 88' lang='lat' dir='ltr'>talem</span> <span class='ocrx_word' id='word_1_273' title='bbox 855 3403 965 3444; x_wconf 84' lang='lat' dir='ltr'>cansam</span> <span class='ocrx_word' id='word_1_274' title='bbox 992 3387 1182 3451; x_wconf 85' lang='lat' dir='ltr'>adnuntiatam</span> 
     </span>
     <span class='ocr_line' id='line_1_31' title="bbox 123 3465 1182 3558; baseline -0.001 -14"><span class='ocrx_word' id='word_1_275' title='bbox 123 3491 177 3555; x_wconf 74' lang='lat' dir='ltr'>est,</span> <span class='ocrx_word' id='word_1_276' title='bbox 199 3491 228 3541; x_wconf 88' lang='lat' dir='ltr'>et</span> <span class='ocrx_word' id='word_1_277' title='bbox 247 3465 393 3557; x_wconf 68' lang='lat' dir='ltr'>provatum</span> <span class='ocrx_word' id='word_1_278' title='bbox 417 3485 517 3553; x_wconf 73' lang='lat' dir='ltr'>iecerit,</span> <span class='ocrx_word' id='word_1_279' title='bbox 540 3491 682 3556; x_wconf 88' lang='lat' dir='ltr'>conponat</span> <span class='ocrx_word' id='word_1_280' title='bbox 701 3485 762 3558; x_wconf 85' lang='lat' dir='ltr'>ipse</span> <span class='ocrx_word' id='word_1_281' title='bbox 782 3485 831 3558; x_wconf 87' lang='lat' dir='ltr'>qui</span> <span class='ocrx_word' id='word_1_282' title='bbox 853 3485 906 3541; x_wconf 87' lang='lat' dir='ltr'>hoc</span> <span class='ocrx_word' id='word_1_283' title='bbox 926 3485 1024 3542; x_wconf 85' lang='lat' dir='ltr'>lecerit</span> <span class='ocrx_word' id='word_1_284' title='bbox 1045 3486 1182 3558; x_wconf 81' lang='lat' dir='ltr'>widrigild</span> 
     </span>
     <span class='ocr_line' id='line_1_32' title="bbox 123 3581 1184 3656; baseline 0 -16"><span class='ocrx_word' id='word_1_285' title='bbox 123 3599 206 3640; x_wconf 81' lang='lat' dir='ltr'>sunm</span> <span class='ocrx_word' id='word_1_286' title='bbox 235 3582 422 3640; x_wconf 73' lang='lat' dir='ltr'>admonitum</span> <span class='ocrx_word' id='word_1_287' title='bbox 449 3582 529 3654; x_wconf 71' lang='lat' dir='ltr'>rjus:</span> <span class='ocrx_word' id='word_1_288' title='bbox 557 3587 584 3638; x_wconf 89' lang='lat' dir='ltr'>et</span> <span class='ocrx_word' id='word_1_289' title='bbox 610 3581 671 3654; x_wconf 79' lang='lat' dir='ltr'>ipss</span> <span class='ocrx_word' id='word_1_290' title='bbox 690 3581 827 3656; x_wconf 75' lang='lat' dir='ltr'>[suscipiat</span> <span class='ocrx_word' id='word_1_291' title='bbox 853 3582 883 3648; x_wconf 84' lang='lat' dir='ltr'>in</span> <span class='ocrx_word' id='word_1_292' title='bbox 913 3599 945 3639; x_wconf 80' lang='lat' dir='ltr'>se</span> <span class='ocrx_word' id='word_1_293' title='bbox 973 3585 1056 3642; x_wconf 81' lang='lat' dir='ltr'>taleni</span> <span class='ocrx_word' id='word_1_294' title='bbox 1081 3585 1184 3640; x_wconf 88' lang='lat' dir='ltr'>conde·</span> 
     </span>
     <span class='ocr_line' id='line_1_33' title="bbox 123 3679 1184 3756; baseline 0.002 -18"><span class='ocrx_word' id='word_1_295' title='bbox 123 3680 308 3750; x_wconf 88' lang='lat' dir='ltr'>mnationem,</span> <span class='ocrx_word' id='word_1_296' title='bbox 331 3681 441 3754; x_wconf 88' lang='lat' dir='ltr'>qualem</span> <span class='ocrx_word' id='word_1_297' title='bbox 462 3679 590 3752; x_wconf 85' lang='lat' dir='ltr'>superius</span> <span class='ocrx_word' id='word_1_298' title='bbox 610 3679 731 3744; x_wconf 83' lang='lat' dir='ltr'>diximus</span> <span class='ocrx_word' id='word_1_299' title='bbox 751 3682 786 3738; x_wconf 85' lang='lat' dir='ltr'>de</span> <span class='ocrx_word' id='word_1_300' title='bbox 807 3681 883 3739; x_wconf 92' lang='lat' dir='ltr'>illam</span> <span class='ocrx_word' id='word_1_301' title='bbox 903 3681 1063 3754; x_wconf 85' lang='lat' dir='ltr'>mulierem,</span> <span class='ocrx_word' id='word_1_302' title='bbox 1087 3683 1135 3756; x_wconf 84' lang='lat' dir='ltr'>qni</span> <span class='ocrx_word' id='word_1_303' title='bbox 1155 3699 1184 3739; x_wconf 86' lang='lat' dir='ltr'>se</span> 
     </span>
     <span class='ocr_line' id='line_1_34' title="bbox 122 3777 579 3852; baseline 0 -16"><span class='ocrx_word' id='word_1_304' title='bbox 122 3777 242 3852; x_wconf 79' lang='lat' dir='ltr'>turpiter</span> <span class='ocrx_word' id='word_1_305' title='bbox 262 3779 415 3838; x_wconf 75' lang='lat' dir='ltr'>adtrectare</span> <span class='ocrx_word' id='word_1_306' title='bbox 436 3777 579 3852; x_wconf 84' lang='lat' dir='ltr'>permittit.</span> 
     </span>
    </p>

    <p class='ocr_par' dir='ltr' id='par_1_6' title="bbox 124 3875 1240 4540">
     <span class='ocr_line' id='line_1_35' title="bbox 162 3875 1185 3952; baseline 0 -16"><span class='ocrx_word' id='word_1_307' title='bbox 162 3917 164 3922; x_wconf 83' lang='lat'><em>.</em></span> <span class='ocrx_word' id='word_1_308' title='bbox 205 3875 292 3952; x_wconf 81' lang='lat' dir='ltr'>(Vll.)</span> <span class='ocrx_word' id='word_1_309' title='bbox 311 3880 394 3938; x_wconf 65' lang='lat' dir='ltr'>m.</span> <span class='ocrx_word' id='word_1_310' title='bbox 414 3877 445 3934; x_wconf 80' lang='lat' dir='ltr'>Si</span> <span class='ocrx_word' id='word_1_311' title='bbox 461 3878 522 3951; x_wconf 90' lang='lat' dir='ltr'>quis</span> <span class='ocrx_word' id='word_1_312' title='bbox 534 3877 657 3936; x_wconf 81' lang='lat' dir='ltr'>sororem</span> <span class='ocrx_word' id='word_1_313' title='bbox 668 3884 781 3950; x_wconf 83' lang='lat' dir='ltr'>accepto</span> <span class='ocrx_word' id='word_1_314' title='bbox 794 3877 942 3934; x_wconf 83' lang='lat' dir='ltr'>battederit</span> <span class='ocrx_word' id='word_1_315' title='bbox 958 3877 1100 3936; x_wconf 86' lang='lat' dir='ltr'>hominem</span> <span class='ocrx_word' id='word_1_316' title='bbox 1115 3879 1185 3936; x_wconf 81' lang='lat' dir='ltr'>libe-</span> 
     </span>
     <span class='ocr_line' id='line_1_36' title="bbox 124 3974 1184 4051; baseline 0.002 -19"><span class='ocrx_word' id='word_1_317' title='bbox 124 3991 186 4038; x_wconf 82' lang='lat' dir='ltr'>rum</span> <span class='ocrx_word' id='word_1_318' title='bbox 202 3981 249 4034; x_wconf 79' lang='lat' dir='ltr'>rut</span> <span class='ocrx_word' id='word_1_319' title='bbox 264 3974 412 4032; x_wconf 83' lang='lat' dir='ltr'>mulierem</span> <span class='ocrx_word' id='word_1_320' title='bbox 425 3976 542 4051; x_wconf 87' lang='lat' dir='ltr'>liberam</span> <span class='ocrx_word' id='word_1_321' title='bbox 556 3981 603 4032; x_wconf 82' lang='lat' dir='ltr'>aut</span> <span class='ocrx_word' id='word_1_322' title='bbox 617 3977 749 4048; x_wconf 83' lang='lat' dir='ltr'>puellam,</span> <span class='ocrx_word' id='word_1_323' title='bbox 774 3975 821 4048; x_wconf 85' lang='lat' dir='ltr'>qui</span> <span class='ocrx_word' id='word_1_324' title='bbox 843 3975 872 4030; x_wconf 81' lang='lat' dir='ltr'>in</span> <span class='ocrx_word' id='word_1_325' title='bbox 887 3976 1051 4032; x_wconf 87' lang='lat' dir='ltr'>scandalum</span> <span class='ocrx_word' id='word_1_326' title='bbox 1062 3977 1111 4034; x_wconf 88' lang='lat' dir='ltr'>ubi</span> <span class='ocrx_word' id='word_1_327' title='bbox 1127 3977 1184 4034; x_wconf 82' lang='lat' dir='ltr'>reri</span> 
     </span>
     <span class='ocr_line' id='line_1_37' title="bbox 124 4071 1240 4148; baseline -0.002 -18"><span class='ocrx_word' id='word_1_328' title='bbox 124 4073 237 4144; x_wconf 73' lang='lat' dir='ltr'>litigant</span> <span class='ocrx_word' id='word_1_329' title='bbox 251 4071 395 4139; x_wconf 83' lang='lat' dir='ltr'>venirent,</span> <span class='ocrx_word' id='word_1_330' title='bbox 421 4081 449 4130; x_wconf 91' lang='lat' dir='ltr'>et</span> <span class='ocrx_word' id='word_1_331' title='bbox 468 4090 519 4147; x_wconf 87' lang='lat' dir='ltr'>por</span> <span class='ocrx_word' id='word_1_332' title='bbox 537 4073 611 4146; x_wconf 84' lang='lat' dir='ltr'>ipsas</span> <span class='ocrx_word' id='word_1_333' title='bbox 636 4073 729 4130; x_wconf 75' lang='lat' dir='ltr'>leuitas</span> <span class='ocrx_word' id='word_1_334' title='bbox 755 4072 929 4145; x_wconf 82' lang='lat' dir='ltr'>ponderosus</span> <span class='ocrx_word' id='word_1_335' title='bbox 950 4075 991 4130; x_wconf 86' lang='lat' dir='ltr'>vel</span> <span class='ocrx_word' id='word_1_336' title='bbox 1013 4075 1185 4148; x_wconf 83' lang='lat' dir='ltr'>ponderosas</span> <span class='ocrx_word' id='word_1_337' title='bbox 1234 4123 1240 4128; x_wconf 89' lang='lat'><em>.</em></span> 
     </span>
     <span class='ocr_line' id='line_1_38' title="bbox 126 4169 1184 4243; baseline 0.003 -15"><span class='ocrx_word' id='word_1_338' title='bbox 126 4169 219 4228; x_wconf 70' lang='lat' dir='ltr'>effecti</span> <span class='ocrx_word' id='word_1_339' title='bbox 228 4171 347 4238; x_wconf 68' lang='lat' dir='ltr'>merent,</span> <span class='ocrx_word' id='word_1_340' title='bbox 358 4169 427 4228; x_wconf 90' lang='lat' dir='ltr'>sicut</span> <span class='ocrx_word' id='word_1_341' title='bbox 437 4179 465 4227; x_wconf 88' lang='lat' dir='ltr'>et</span> <span class='ocrx_word' id='word_1_342' title='bbox 473 4173 558 4228; x_wconf 86' lang='lat' dir='ltr'>modo</span> <span class='ocrx_word' id='word_1_343' title='bbox 569 4171 670 4228; x_wconf 85' lang='lat' dir='ltr'>iactum</span> <span class='ocrx_word' id='word_1_344' title='bbox 683 4169 847 4239; x_wconf 86' lang='lat' dir='ltr'>audivimus,</span> <span class='ocrx_word' id='word_1_345' title='bbox 857 4179 1000 4243; x_wconf 87' lang='lat' dir='ltr'>conponat</span> <span class='ocrx_word' id='word_1_346' title='bbox 1008 4173 1184 4231; x_wconf 86' lang='lat' dir='ltr'>medietatem</span> 
     </span>
     <span class='ocr_line' id='line_1_39' title="bbox 126 4265 1185 4344; baseline 0.001 -16"><span class='ocrx_word' id='word_1_347' title='bbox 126 4267 208 4340; x_wconf 76' lang='lat' dir='ltr'>pretii</span> <span class='ocrx_word' id='word_1_348' title='bbox 221 4268 308 4340; x_wconf 77' lang='lat' dir='ltr'>ipsius</span> <span class='ocrx_word' id='word_1_349' title='bbox 319 4269 437 4328; x_wconf 80' lang='lat' dir='ltr'>masculi</span> <span class='ocrx_word' id='word_1_350' title='bbox 451 4277 590 4344; x_wconf 71' lang='lat' dir='ltr'>umquam</span> <span class='ocrx_word' id='word_1_351' title='bbox 601 4269 624 4325; x_wconf 86' lang='lat' dir='ltr'>si</span> <span class='ocrx_word' id='word_1_352' title='bbox 636 4285 700 4325; x_wconf 69' lang='lat' dir='ltr'>en</span> <span class='ocrx_word' id='word_1_353' title='bbox 711 4265 867 4333; x_wconf 85' lang='lat' dir='ltr'>cecidissit;</span> <span class='ocrx_word' id='word_1_354' title='bbox 890 4269 924 4323; x_wconf 89' lang='lat' dir='ltr'>de</span> <span class='ocrx_word' id='word_1_355' title='bbox 934 4269 1185 4329; x_wconf 79' lang='lat' dir='ltr'>seminassemilem</span> 
     </span>
     <span class='ocr_line' id='line_1_40' title="bbox 126 4365 1185 4442; baseline 0.005 -20"><span class='ocrx_word' id='word_1_356' title='bbox 126 4365 401 4424; x_wconf 75' lang='lat' dir='ltr'>modomsdietstem</span> <span class='ocrx_word' id='word_1_357' title='bbox 409 4367 491 4440; x_wconf 88' lang='lat' dir='ltr'>pretii</span> <span class='ocrx_word' id='word_1_358' title='bbox 502 4375 642 4442; x_wconf 70' lang='lat' dir='ltr'>umquam</span> <span class='ocrx_word' id='word_1_359' title='bbox 651 4367 676 4424; x_wconf 83' lang='lat' dir='ltr'>si</span> <span class='ocrx_word' id='word_1_360' title='bbox 689 4367 801 4424; x_wconf 72' lang='lat' dir='ltr'>nauem</span> <span class='ocrx_word' id='word_1_361' title='bbox 819 4365 879 4439; x_wconf 83' lang='lat' dir='ltr'>ejus</span> <span class='ocrx_word' id='word_1_362' title='bbox 891 4366 1046 4425; x_wconf 83' lang='lat' dir='ltr'>occidissit:</span> <span class='ocrx_word' id='word_1_363' title='bbox 1070 4375 1185 4442; x_wconf 76' lang='lat' dir='ltr'>excepto</span> 
     </span>
     <span class='ocr_line' id='line_1_41' title="bbox 126 4462 1186 4540; baseline 0.005 -18"><span class='ocrx_word' id='word_1_364' title='bbox 126 4462 259 4538; x_wconf 66' lang='lat' dir='ltr'>ripheos</span> <span class='ocrx_word' id='word_1_365' title='bbox 280 4470 327 4523; x_wconf 77' lang='lat' dir='ltr'>rut</span> <span class='ocrx_word' id='word_1_366' title='bbox 346 4463 440 4522; x_wconf 78' lang='lat' dir='ltr'>lenitas</span> <span class='ocrx_word' id='word_1_367' title='bbox 456 4463 563 4536; x_wconf 84' lang='lat' dir='ltr'>iecerit,</span> <span class='ocrx_word' id='word_1_368' title='bbox 585 4471 726 4540; x_wconf 82' lang='lat' dir='ltr'>corpcnrt</span> <span class='ocrx_word' id='word_1_369' title='bbox 746 4463 949 4524; x_wconf 79' lang='lat' dir='ltr'>sicutenterior</span> <span class='ocrx_word' id='word_1_370' title='bbox 963 4464 1063 4525; x_wconf 86' lang='lat' dir='ltr'>Edicto</span> <span class='ocrx_word' id='word_1_371' title='bbox 1077 4466 1186 4539; x_wconf 73' lang='lat' dir='ltr'>legitor.</span> 
     </span>
    </p>

    <p class='ocr_par' dir='ltr' id='par_1_7' title="bbox 926 4554 976 4620">
     <span class='ocr_line' id='line_1_42' title="bbox 926 4554 976 4620; baseline 0 -23"><span class='ocrx_word' id='word_1_372' title='bbox 926 4554 976 4620; x_wconf 68' lang='lat' dir='ltr'>pe</span> 
     </span>
    </p>
   </div>
   <div class='ocr_carea' id='block_1_5' title="bbox 0 0 1598 5218">
    <p class='ocr_par' dir='ltr' id='par_1_8' title="bbox 0 0 1598 5218">
     <span class='ocr_line' id='line_1_43' title="bbox 0 0 1598 5218; baseline 0 0"><span class='ocrx_word' id='word_1_373' title='bbox 0 0 1598 5218; x_wconf 95' lang='lat' dir='ltr'> </span> 
     </span>
    </p>
   </div>
  </div>
 </body>
</html>
