<?xml version="1.0" encoding="UTF-8"?>
<!DOCTYPE html PUBLIC "-//W3C//DTD XHTML 1.0 Transitional//EN"
    "http://www.w3.org/TR/xhtml1/DTD/xhtml1-transitional.dtd">
<html xmlns="http://www.w3.org/1999/xhtml" xml:lang="en" lang="en">
 <head>
  <title>
</title>
<meta http-equiv="Content-Type" content="text/html;charset=utf-8" />
  <meta name='ocr-system' content='tesseract 3.04.00' />
  <meta name='ocr-capabilities' content='ocr_page ocr_carea ocr_par ocr_line ocrx_word'/>
</head>
<body>
  <div class='ocr_page' id='page_1' title='image "./edictaregumlang01neiggoog_0157.png"; bbox 0 0 3198 5222; ppageno 0'>
   <div class='ocr_carea' id='block_1_1' title="bbox 452 707 1212 1000">
    <p class='ocr_par' dir='ltr' id='par_1_1' title="bbox 452 707 1212 1000">
     <span class='ocr_line' id='line_1_1' title="bbox 678 707 1118 776; baseline 0 -2"><span class='ocrx_word' id='word_1_1' title='bbox 678 745 712 768; x_wconf 22' lang='grc' dir='ltr'>Δ.</span> <span class='ocrx_word' id='word_1_2' title='bbox 762 707 961 774; x_wconf 57' lang='grc' dir='ltr'>ῚΙιΙΙΙΙῬΙΑΝΙΙ</span> <span class='ocrx_word' id='word_1_3' title='bbox 978 709 1118 776; x_wconf 58' lang='lat' dir='ltr'>unffi„</span> 
     </span>
     <span class='ocr_line' id='line_1_2' title="bbox 452 829 1212 914; baseline -0.003 -27"><span class='ocrx_word' id='word_1_4' title='bbox 452 895 456 903; x_wconf 19' lang='grc' dir='ltr'>ι</span> <span class='ocrx_word' id='word_1_5' title='bbox 579 843 580 850; x_wconf 64' lang='grc'><strong>“</strong></span> <span class='ocrx_word' id='word_1_6' title='bbox 633 829 768 897; x_wconf 86' lang='lat' dir='ltr'>(lieleudls</span> <span class='ocrx_word' id='word_1_7' title='bbox 784 837 900 914; x_wconf 22' lang='lat' dir='ltr'>ymardtr,</span> <span class='ocrx_word' id='word_1_8' title='bbox 920 847 988 886; x_wconf 86' lang='lat' dir='ltr'>anuo</span> <span class='ocrx_word' id='word_1_9' title='bbox 1006 833 1212 902; x_wconf 80' lang='lat' dir='ltr'>dccxxxiii.)</span> 
     </span>
     <span class='ocr_line' id='line_1_3' title="bbox 913 941 936 1000; baseline 0.087 -2"><span class='ocrx_word' id='word_1_10' title='bbox 913 941 936 1000; x_wconf 90' lang='lat' dir='ltr'>l.</span> 
     </span>
    </p>
   </div>
   <div class='ocr_carea' id='block_1_2' title="bbox 399 1028 1576 1244">
    <p class='ocr_par' dir='ltr' id='par_1_2' title="bbox 399 1028 1576 1244">
     <span class='ocr_line' id='line_1_4' title="bbox 478 1028 1576 1144; baseline 0.009 -35"><span class='ocrx_word' id='word_1_11' title='bbox 478 1053 509 1112; x_wconf 80' lang='lat' dir='ltr'>ln</span> <span class='ocrx_word' id='word_1_12' title='bbox 530 1071 635 1118; x_wconf 81' lang='lat' dir='ltr'>nonius</span> <span class='ocrx_word' id='word_1_13' title='bbox 663 1055 769 1144; x_wconf 77' lang='lat' dir='ltr'>bonini</span> <span class='ocrx_word' id='word_1_14' title='bbox 796 1055 918 1114; x_wconf 73' lang='lat' dir='ltr'>Noutria</span> <span class='ocrx_word' id='word_1_15' title='bbox 945 1028 1065 1130; x_wconf 62' lang='lat' dir='ltr'>dualiter</span> <span class='ocrx_word' id='word_1_16' title='bbox 1092 1057 1166 1130; x_wconf 87' lang='lat' dir='ltr'>jubit</span> <span class='ocrx_word' id='word_1_17' title='bbox 1190 1059 1310 1118; x_wconf 88' lang='lat' dir='ltr'>doninus</span> <span class='ocrx_word' id='word_1_18' title='bbox 1338 1077 1389 1118; x_wconf 82' lang='lat' dir='ltr'>rex</span> <span class='ocrx_word' id='word_1_19' title='bbox 1417 1061 1451 1117; x_wconf 93' lang='lat' dir='ltr'>ad</span> <span class='ocrx_word' id='word_1_20' title='bbox 1575 1075 1576 1136; x_wconf 75' lang='lat' dir='ltr'>l</span> 
     </span>
     <span class='ocr_line' id='line_1_5' title="bbox 399 1150 1576 1244; baseline 0.005 -42"><span class='ocrx_word' id='word_1_21' title='bbox 399 1151 489 1210; x_wconf 82' lang='lat' dir='ltr'>omnis</span> <span class='ocrx_word' id='word_1_22' title='bbox 506 1157 562 1212; x_wconf 70' lang='lat' dir='ltr'>nte,</span> <span class='ocrx_word' id='word_1_23' title='bbox 585 1150 754 1216; x_wconf 75' lang='lat' dir='ltr'>(Auctoritrte</span> <span class='ocrx_word' id='word_1_24' title='bbox 786 1152 880 1203; x_wconf 88' lang='lat' dir='ltr'>codicis</span> <span class='ocrx_word' id='word_1_25' title='bbox 909 1153 1078 1204; x_wconf 70' lang='lat' dir='ltr'>vercellensis</span> <span class='ocrx_word' id='word_1_26' title='bbox 1105 1158 1132 1205; x_wconf 91' lang='lat' dir='ltr'>tu</span> <span class='ocrx_word' id='word_1_27' title='bbox 1161 1155 1280 1207; x_wconf 85' lang='lat' dir='ltr'>Edictum</span> <span class='ocrx_word' id='word_1_28' title='bbox 1307 1161 1451 1244; x_wconf 70' lang='lat' dir='ltr'>recepimus</span> <span class='ocrx_word' id='word_1_29' title='bbox 1575 1185 1576 1226; x_wconf 61' lang='lat'>,</span> 
     </span>
    </p>
   </div>
   <div class='ocr_carea' id='block_1_3' title="bbox 397 1247 1099 1418">
    <p class='ocr_par' dir='ltr' id='par_1_3' title="bbox 397 1247 1099 1418">
     <span class='ocr_line' id='line_1_6' title="bbox 397 1247 1099 1318; baseline 0.006 -20"><span class='ocrx_word' id='word_1_30' title='bbox 397 1252 463 1302; x_wconf 88' lang='lat' dir='ltr'>inter</span> <span class='ocrx_word' id='word_1_31' title='bbox 480 1249 649 1306; x_wconf 80' lang='lat' dir='ltr'>Liurenannr</span> <span class='ocrx_word' id='word_1_32' title='bbox 668 1250 736 1314; x_wconf 74' lang='lat' dir='ltr'>leges</span> <span class='ocrx_word' id='word_1_33' title='bbox 755 1249 787 1300; x_wconf 89' lang='lat' dir='ltr'>da</span> <span class='ocrx_word' id='word_1_34' title='bbox 806 1261 874 1298; x_wconf 89' lang='lat' dir='ltr'>anno</span> <span class='ocrx_word' id='word_1_35' title='bbox 892 1247 966 1310; x_wconf 90' lang='lat' dir='ltr'>XXl,</span> <span class='ocrx_word' id='word_1_36' title='bbox 987 1263 1043 1314; x_wconf 86' lang='lat' dir='ltr'>cap.</span> <span class='ocrx_word' id='word_1_37' title='bbox 1061 1249 1099 1318; x_wconf 81' lang='lat' dir='ltr'>x)</span> 
     </span>
     <span class='ocr_line' id='line_1_7' title="bbox 908 1357 943 1418; baseline 0.171 -7"><span class='ocrx_word' id='word_1_38' title='bbox 908 1357 943 1418; x_wconf 96' lang='lat' dir='ltr'>il.</span> 
     </span>
    </p>
   </div>
   <div class='ocr_carea' id='block_1_4' title="bbox 477 1439 1449 1542">
    <p class='ocr_par' dir='ltr' id='par_1_4' title="bbox 477 1439 1449 1542">
     <span class='ocr_line' id='line_1_8' title="bbox 477 1439 1449 1542; baseline -0.002 -11"><span class='ocrx_word' id='word_1_39' title='bbox 477 1471 506 1532; x_wconf 88' lang='lat' dir='ltr'>Si</span> <span class='ocrx_word' id='word_1_40' title='bbox 527 1487 621 1530; x_wconf 79' lang='lat' dir='ltr'>ierem</span> <span class='ocrx_word' id='word_1_41' title='bbox 640 1477 736 1529; x_wconf 88' lang='lat' dir='ltr'>noster</span> <span class='ocrx_word' id='word_1_42' title='bbox 753 1469 863 1530; x_wconf 80' lang='lat' dir='ltr'>eccisus</span> <span class='ocrx_word' id='word_1_43' title='bbox 883 1469 981 1542; x_wconf 85' lang='lat' dir='ltr'>luerit,</span> <span class='ocrx_word' id='word_1_44' title='bbox 1004 1477 1056 1534; x_wconf 86' lang='lat' dir='ltr'>ete.</span> <span class='ocrx_word' id='word_1_45' title='bbox 1079 1471 1247 1530; x_wconf 78' lang='lat' dir='ltr'>(Auctoritatis</span> <span class='ocrx_word' id='word_1_46' title='bbox 1257 1475 1377 1528; x_wconf 85' lang='lat' dir='ltr'>codicum</span> <span class='ocrx_word' id='word_1_47' title='bbox 1388 1439 1449 1529; x_wconf 80' lang='lat' dir='ltr'>¹ver·</span> 
     </span>
    </p>
   </div>
   <div class='ocr_carea' id='block_1_5' title="bbox 398 1566 1449 1724">
    <p class='ocr_par' dir='ltr' id='par_1_5' title="bbox 398 1566 1449 1724">
     <span class='ocr_line' id='line_1_9' title="bbox 398 1566 1449 1640; baseline 0.007 -18"><span class='ocrx_word' id='word_1_48' title='bbox 398 1569 515 1622; x_wconf 83' lang='lat' dir='ltr'>cellensis</span> <span class='ocrx_word' id='word_1_49' title='bbox 532 1575 559 1620; x_wconf 87' lang='lat' dir='ltr'>et</span> <span class='ocrx_word' id='word_1_50' title='bbox 576 1569 757 1636; x_wconf 69' lang='lat' dir='ltr'>Eporedieusb</span> <span class='ocrx_word' id='word_1_51' title='bbox 776 1571 802 1620; x_wconf 89' lang='lat' dir='ltr'>lu</span> <span class='ocrx_word' id='word_1_52' title='bbox 819 1566 940 1620; x_wconf 82' lang='lat' dir='ltr'>lldictuua</span> <span class='ocrx_word' id='word_1_53' title='bbox 955 1571 1099 1632; x_wconf 71' lang='lat' dir='ltr'>recepimus</span> <span class='ocrx_word' id='word_1_54' title='bbox 1117 1572 1363 1628; x_wconf 76' lang='lat' dir='ltr'>rnurnrmonmrr</span> <span class='ocrx_word' id='word_1_55' title='bbox 1381 1575 1449 1640; x_wconf 73' lang='lat' dir='ltr'>leues</span> 
     </span>
     <span class='ocr_line' id='line_1_10' title="bbox 398 1655 754 1724; baseline 0 -16"><span class='ocrx_word' id='word_1_56' title='bbox 398 1657 430 1712; x_wconf 91' lang='lat' dir='ltr'>de</span> <span class='ocrx_word' id='word_1_57' title='bbox 446 1671 515 1714; x_wconf 78' lang='lat' dir='ltr'>uuo</span> <span class='ocrx_word' id='word_1_58' title='bbox 535 1657 607 1720; x_wconf 93' lang='lat' dir='ltr'>XXl,</span> <span class='ocrx_word' id='word_1_59' title='bbox 627 1671 682 1722; x_wconf 84' lang='lat' dir='ltr'>cop.</span> <span class='ocrx_word' id='word_1_60' title='bbox 702 1655 754 1724; x_wconf 81' lang='lat' dir='ltr'>xi.)</span> 
     </span>
    </p>
   </div>
   <div class='ocr_carea' id='block_1_6' title="bbox 896 1727 947 1785">
    <p class='ocr_par' dir='ltr' id='par_1_6' title="bbox 896 1727 947 1785">
     <span class='ocr_line' id='line_1_11' title="bbox 896 1727 947 1785; baseline 0.02 -1"><span class='ocrx_word' id='word_1_61' title='bbox 896 1727 947 1785; x_wconf 92' lang='lat' dir='ltr'>lll.</span> 
     </span>
    </p>
   </div>
   <div class='ocr_carea' id='block_1_7' title="bbox 395 1821 1576 2314">
    <p class='ocr_par' dir='ltr' id='par_1_7' title="bbox 395 1821 1576 2220">
     <span class='ocr_line' id='line_1_12' title="bbox 472 1821 1576 1923; baseline 0.006 -21"><span class='ocrx_word' id='word_1_62' title='bbox 472 1845 591 1917; x_wconf 77' lang='lat' dir='ltr'>Propter</span> <span class='ocrx_word' id='word_1_63' title='bbox 611 1845 700 1901; x_wconf 82' lang='lat' dir='ltr'>licum</span> <span class='ocrx_word' id='word_1_64' title='bbox 720 1849 748 1900; x_wconf 87' lang='lat' dir='ltr'>et</span> <span class='ocrx_word' id='word_1_65' title='bbox 768 1843 826 1916; x_wconf 84' lang='lat' dir='ltr'>ejus</span> <span class='ocrx_word' id='word_1_66' title='bbox 846 1843 1036 1903; x_wconf 86' lang='lat' dir='ltr'>misericordia</span> <span class='ocrx_word' id='word_1_67' title='bbox 1057 1843 1226 1920; x_wconf 86' lang='lat' dir='ltr'>precipimus</span> <span class='ocrx_word' id='word_1_68' title='bbox 1247 1853 1330 1923; x_wconf 89' lang='lat' dir='ltr'>atque</span> <span class='ocrx_word' id='word_1_69' title='bbox 1351 1850 1455 1908; x_wconf 75' lang='lat' dir='ltr'>statui·</span> <span class='ocrx_word' id='word_1_70' title='bbox 1575 1821 1576 1848; x_wconf 23' lang='grc' dir='ltr'><strong>ἶ</strong></span> 
     </span>
     <span class='ocr_line' id='line_1_13' title="bbox 396 1941 1448 2025; baseline 0.006 -25"><span class='ocrx_word' id='word_1_71' title='bbox 396 1959 476 2025; x_wconf 86' lang='lat' dir='ltr'>mus,</span> <span class='ocrx_word' id='word_1_72' title='bbox 498 1944 557 2001; x_wconf 84' lang='lat' dir='ltr'>sola</span> <span class='ocrx_word' id='word_1_73' title='bbox 578 1941 688 2018; x_wconf 87' lang='lat' dir='ltr'>pietatis</span> <span class='ocrx_word' id='word_1_74' title='bbox 707 1954 807 2012; x_wconf 81' lang='lat' dir='ltr'>censa,</span> <span class='ocrx_word' id='word_1_75' title='bbox 836 1947 866 1997; x_wconf 96' lang='lat' dir='ltr'>ut</span> <span class='ocrx_word' id='word_1_76' title='bbox 885 1941 909 2000; x_wconf 92' lang='lat' dir='ltr'>si</span> <span class='ocrx_word' id='word_1_77' title='bbox 930 1942 1006 2000; x_wconf 81' lang='lat' dir='ltr'>aldio</span> <span class='ocrx_word' id='word_1_78' title='bbox 1029 1949 1123 2001; x_wconf 88' lang='lat' dir='ltr'>noster</span> <span class='ocrx_word' id='word_1_79' title='bbox 1143 1944 1250 2002; x_wconf 89' lang='lat' dir='ltr'>occisus</span> <span class='ocrx_word' id='word_1_80' title='bbox 1270 1946 1370 2019; x_wconf 86' lang='lat' dir='ltr'>luerit,</span> <span class='ocrx_word' id='word_1_81' title='bbox 1393 1965 1448 2006; x_wconf 87' lang='lat' dir='ltr'>me·</span> 
     </span>
     <span class='ocr_line' id='line_1_14' title="bbox 395 2038 1449 2115; baseline 0.006 -17"><span class='ocrx_word' id='word_1_82' title='bbox 395 2041 528 2098; x_wconf 79' lang='lat' dir='ltr'>dietatem</span> <span class='ocrx_word' id='word_1_83' title='bbox 548 2041 583 2097; x_wconf 91' lang='lat' dir='ltr'>de</span> <span class='ocrx_word' id='word_1_84' title='bbox 603 2040 663 2114; x_wconf 80' lang='lat' dir='ltr'>ipsa</span> <span class='ocrx_word' id='word_1_85' title='bbox 684 2038 908 2115; x_wconf 83' lang='lat' dir='ltr'>conpositionem</span> <span class='ocrx_word' id='word_1_86' title='bbox 921 2041 999 2098; x_wconf 86' lang='lat' dir='ltr'>tollat</span> <span class='ocrx_word' id='word_1_87' title='bbox 1013 2049 1090 2113; x_wconf 75' lang='lat' dir='ltr'>curte</span> <span class='ocrx_word' id='word_1_88' title='bbox 1107 2049 1211 2114; x_wconf 86' lang='lat' dir='ltr'>nostra,</span> <span class='ocrx_word' id='word_1_89' title='bbox 1233 2050 1262 2100; x_wconf 92' lang='lat' dir='ltr'>et</span> <span class='ocrx_word' id='word_1_90' title='bbox 1274 2039 1449 2103; x_wconf 76' lang='lat' dir='ltr'>medietatem</span> 
     </span>
     <span class='ocr_line' id='line_1_15' title="bbox 397 2125 1447 2220; baseline 0.005 -24"><span class='ocrx_word' id='word_1_91' title='bbox 397 2145 527 2212; x_wconf 83' lang='lat' dir='ltr'>parentes</span> <span class='ocrx_word' id='word_1_92' title='bbox 547 2137 635 2212; x_wconf 83' lang='lat' dir='ltr'>ipsius</span> <span class='ocrx_word' id='word_1_93' title='bbox 655 2136 790 2203; x_wconf 74' lang='lat' dir='ltr'>defuncti,</span> <span class='ocrx_word' id='word_1_94' title='bbox 813 2136 836 2194; x_wconf 86' lang='lat' dir='ltr'>si</span> <span class='ocrx_word' id='word_1_95' title='bbox 855 2136 919 2197; x_wconf 71' lang='lat' dir='ltr'>sivo</span> <span class='ocrx_word' id='word_1_96' title='bbox 938 2144 1047 2220; x_wconf 79' lang='lat' dir='ltr'>patrem</span> <span class='ocrx_word' id='word_1_97' title='bbox 1061 2125 1194 2198; x_wconf 77' lang='lat' dir='ltr'>¹hebuerit</span> <span class='ocrx_word' id='word_1_98' title='bbox 1204 2139 1321 2200; x_wconf 82' lang='lat' dir='ltr'>aldione</span> <span class='ocrx_word' id='word_1_99' title='bbox 1340 2151 1447 2216; x_wconf 91' lang='lat' dir='ltr'>nostro,</span> 
     </span>
    </p>

    <p class='ocr_par' dir='ltr' id='par_1_8' title="bbox 396 2233 986 2314">
     <span class='ocr_line' id='line_1_16' title="bbox 396 2233 986 2314; baseline -0.003 -20"><span class='ocrx_word' id='word_1_100' title='bbox 396 2237 455 2294; x_wconf 85' lang='lat' dir='ltr'>sibe</span> <span class='ocrx_word' id='word_1_101' title='bbox 474 2244 608 2308; x_wconf 73' lang='lat' dir='ltr'>maiman,</span> <span class='ocrx_word' id='word_1_102' title='bbox 630 2236 691 2294; x_wconf 90' lang='lat' dir='ltr'>sibe</span> <span class='ocrx_word' id='word_1_103' title='bbox 711 2236 824 2306; x_wconf 88' lang='lat' dir='ltr'>iratres,</span> <span class='ocrx_word' id='word_1_104' title='bbox 846 2233 907 2292; x_wconf 91' lang='lat' dir='ltr'>sibe</span> <span class='ocrx_word' id='word_1_105' title='bbox 926 2235 986 2314; x_wconf 67' lang='lat' dir='ltr'>iiiii,</span> 
     </span>
    </p>
   </div>
   <div class='ocr_carea' id='block_1_8' title="bbox 785 2351 952 2414">
    <p class='ocr_par' dir='ltr' id='par_1_9' title="bbox 785 2351 952 2414">
     <span class='ocr_line' id='line_1_17' title="bbox 785 2351 952 2414; baseline -0.024 -1"><span class='ocrx_word' id='word_1_106' title='bbox 785 2351 952 2414; x_wconf 37' lang='lat' dir='ltr'>,liti</span> 
     </span>
    </p>
   </div>
   <div class='ocr_carea' id='block_1_9' title="bbox 322 2464 1448 3224">
    <p class='ocr_par' dir='ltr' id='par_1_10' title="bbox 322 2464 1448 3224">
     <span class='ocr_line' id='line_1_18' title="bbox 474 2464 1447 2540; baseline 0.003 -15"><span class='ocrx_word' id='word_1_107' title='bbox 474 2469 536 2525; x_wconf 86' lang='lat' dir='ltr'>Hoc</span> <span class='ocrx_word' id='word_1_108' title='bbox 556 2464 741 2540; x_wconf 86' lang='lat' dir='ltr'>precipimus,</span> <span class='ocrx_word' id='word_1_109' title='bbox 770 2473 800 2522; x_wconf 91' lang='lat' dir='ltr'>ui</span> <span class='ocrx_word' id='word_1_110' title='bbox 821 2467 912 2522; x_wconf 90' lang='lat' dir='ltr'>nullus</span> <span class='ocrx_word' id='word_1_111' title='bbox 939 2473 1080 2540; x_wconf 75' lang='lat' dir='ltr'>presumat</span> <span class='ocrx_word' id='word_1_112' title='bbox 1106 2483 1159 2537; x_wconf 88' lang='lat' dir='ltr'>nec</span> <span class='ocrx_word' id='word_1_113' title='bbox 1185 2467 1221 2525; x_wconf 83' lang='lat' dir='ltr'>da</span> <span class='ocrx_word' id='word_1_114' title='bbox 1241 2484 1319 2526; x_wconf 83' lang='lat' dir='ltr'>servo</span> <span class='ocrx_word' id='word_1_115' title='bbox 1341 2485 1393 2526; x_wconf 90' lang='lat' dir='ltr'>nec</span> <span class='ocrx_word' id='word_1_116' title='bbox 1412 2470 1447 2528; x_wconf 84' lang='lat' dir='ltr'>da</span> 
     </span>
     <span class='ocr_line' id='line_1_19' title="bbox 395 2563 1448 2641; baseline 0.002 -17"><span class='ocrx_word' id='word_1_117' title='bbox 395 2565 508 2624; x_wconf 87' lang='lat' dir='ltr'>aldione</span> <span class='ocrx_word' id='word_1_118' title='bbox 528 2571 624 2622; x_wconf 86' lang='lat' dir='ltr'>nostro</span> <span class='ocrx_word' id='word_1_119' title='bbox 645 2563 750 2636; x_wconf 87' lang='lat' dir='ltr'>aliquid</span> <span class='ocrx_word' id='word_1_120' title='bbox 771 2579 886 2631; x_wconf 67' lang='lat' dir='ltr'>emeres</span> <span class='ocrx_word' id='word_1_121' title='bbox 908 2563 976 2638; x_wconf 78' lang='lat' dir='ltr'>quia</span> <span class='ocrx_word' id='word_1_122' title='bbox 1003 2580 1055 2637; x_wconf 91' lang='lat' dir='ltr'>prc</span> <span class='ocrx_word' id='word_1_123' title='bbox 1077 2565 1192 2622; x_wconf 84' lang='lat' dir='ltr'>cautella</span> <span class='ocrx_word' id='word_1_124' title='bbox 1221 2572 1249 2622; x_wconf 88' lang='lat' dir='ltr'>et</span> <span class='ocrx_word' id='word_1_125' title='bbox 1273 2583 1324 2641; x_wconf 87' lang='lat' dir='ltr'>pro</span> <span class='ocrx_word' id='word_1_126' title='bbox 1351 2567 1448 2626; x_wconf 77' lang='lat' dir='ltr'>futuris</span> 
     </span>
     <span class='ocr_line' id='line_1_20' title="bbox 395 2661 1447 2737; baseline 0.001 -16"><span class='ocrx_word' id='word_1_127' title='bbox 395 2663 566 2737; x_wconf 87' lang='lat' dir='ltr'>temporibus</span> <span class='ocrx_word' id='word_1_128' title='bbox 588 2677 638 2736; x_wconf 88' lang='lat' dir='ltr'>per</span> <span class='ocrx_word' id='word_1_129' title='bbox 659 2677 755 2720; x_wconf 87' lang='lat' dir='ltr'>omnes</span> <span class='ocrx_word' id='word_1_130' title='bbox 788 2667 881 2718; x_wconf 88' lang='lat' dir='ltr'>cortes</span> <span class='ocrx_word' id='word_1_131' title='bbox 907 2661 1016 2718; x_wconf 65' lang='lat' dir='ltr'>noerae</span> <span class='ocrx_word' id='word_1_132' title='bbox 1043 2662 1139 2720; x_wconf 86' lang='lat' dir='ltr'>breves</span> <span class='ocrx_word' id='word_1_133' title='bbox 1162 2663 1279 2722; x_wconf 84' lang='lat' dir='ltr'>iacimus</span> <span class='ocrx_word' id='word_1_134' title='bbox 1306 2665 1342 2721; x_wconf 91' lang='lat' dir='ltr'>de</span> <span class='ocrx_word' id='word_1_135' title='bbox 1370 2665 1447 2730; x_wconf 87' lang='lat' dir='ltr'>omni</span> 
     </span>
     <span class='ocr_line' id='line_1_21' title="bbox 395 2741 1445 2838; baseline 0.003 -20"><span class='ocrx_word' id='word_1_136' title='bbox 395 2741 534 2818; x_wconf 85' lang='lat' dir='ltr'>territuria</span> <span class='ocrx_word' id='word_1_137' title='bbox 554 2760 589 2816; x_wconf 89' lang='lat' dir='ltr'>de</span> <span class='ocrx_word' id='word_1_138' title='bbox 610 2759 684 2835; x_wconf 90' lang='lat' dir='ltr'>ipsas</span> <span class='ocrx_word' id='word_1_139' title='bbox 705 2759 998 2832; x_wconf 85' lang='lat' dir='ltr'>curtesportinentes.</span> <span class='ocrx_word' id='word_1_140' title='bbox 1023 2759 1102 2818; x_wconf 86' lang='lat' dir='ltr'>Unde</span> <span class='ocrx_word' id='word_1_141' title='bbox 1125 2761 1311 2835; x_wconf 90' lang='lat' dir='ltr'>precipimus,</span> <span class='ocrx_word' id='word_1_142' title='bbox 1341 2770 1372 2820; x_wconf 82' lang='lat' dir='ltr'>ut</span> <span class='ocrx_word' id='word_1_143' title='bbox 1400 2763 1445 2838; x_wconf 86' lang='lat' dir='ltr'>qui</span> 
     </span>
     <span class='ocr_line' id='line_1_22' title="bbox 395 2857 1447 2933; baseline 0.003 -17"><span class='ocrx_word' id='word_1_144' title='bbox 395 2859 496 2916; x_wconf 79' lang='lat' dir='ltr'>amodo</span> <span class='ocrx_word' id='word_1_145' title='bbox 517 2858 646 2914; x_wconf 80' lang='lat' dir='ltr'>insenius</span> <span class='ocrx_word' id='word_1_146' title='bbox 667 2857 748 2914; x_wconf 88' lang='lat' dir='ltr'>luerit</span> <span class='ocrx_word' id='word_1_147' title='bbox 762 2857 796 2912; x_wconf 93' lang='lat' dir='ltr'>de</span> <span class='ocrx_word' id='word_1_148' title='bbox 816 2873 895 2914; x_wconf 78' lang='lat' dir='ltr'>servo</span> <span class='ocrx_word' id='word_1_149' title='bbox 914 2863 964 2914; x_wconf 83' lang='lat' dir='ltr'>eut</span> <span class='ocrx_word' id='word_1_150' title='bbox 981 2857 1018 2914; x_wconf 87' lang='lat' dir='ltr'>de</span> <span class='ocrx_word' id='word_1_151' title='bbox 1034 2857 1146 2916; x_wconf 83' lang='lat' dir='ltr'>aldione</span> <span class='ocrx_word' id='word_1_152' title='bbox 1160 2859 1202 2916; x_wconf 84' lang='lat' dir='ltr'>rei</span> <span class='ocrx_word' id='word_1_153' title='bbox 1212 2860 1309 2918; x_wconf 72' lang='lat' dir='ltr'>abibis</span> <span class='ocrx_word' id='word_1_154' title='bbox 1326 2861 1361 2933; x_wconf 80' lang='lat' dir='ltr'>de</span> <span class='ocrx_word' id='word_1_155' title='bbox 1371 2868 1447 2919; x_wconf 87' lang='lat' dir='ltr'>curie</span> 
     </span>
     <span class='ocr_line' id='line_1_23' title="bbox 322 2954 1447 3032; baseline 0.004 -18"><span class='ocrx_word' id='word_1_156' title='bbox 322 2980 325 2986; x_wconf 55' lang='grc'><strong>“</strong></span> <span class='ocrx_word' id='word_1_157' title='bbox 393 2963 490 3014; x_wconf 84' lang='lat' dir='ltr'>bostra</span> <span class='ocrx_word' id='word_1_158' title='bbox 509 2955 616 3029; x_wconf 83' lang='lat' dir='ltr'>aliquid</span> <span class='ocrx_word' id='word_1_159' title='bbox 636 2971 740 3026; x_wconf 83' lang='lat' dir='ltr'>emere,</span> <span class='ocrx_word' id='word_1_160' title='bbox 760 2954 853 3029; x_wconf 86' lang='lat' dir='ltr'>ipsum</span> <span class='ocrx_word' id='word_1_161' title='bbox 873 2956 990 3028; x_wconf 76' lang='lat' dir='ltr'>perdere</span> <span class='ocrx_word' id='word_1_162' title='bbox 1009 2957 1103 3026; x_wconf 84' lang='lat' dir='ltr'>babet,</span> <span class='ocrx_word' id='word_1_163' title='bbox 1124 2959 1196 3014; x_wconf 88' lang='lat' dir='ltr'>sicut</span> <span class='ocrx_word' id='word_1_164' title='bbox 1215 2958 1264 3032; x_wconf 85' lang='lat' dir='ltr'>qui</span> <span class='ocrx_word' id='word_1_165' title='bbox 1278 2975 1323 3016; x_wconf 85' lang='lat' dir='ltr'>rer</span> <span class='ocrx_word' id='word_1_166' title='bbox 1342 2959 1447 3018; x_wconf 70' lang='lat' dir='ltr'>alienu</span> 
     </span>
     <span class='ocr_line' id='line_1_24' title="bbox 395 3051 1444 3127; baseline 0.002 -15"><span class='ocrx_word' id='word_1_167' title='bbox 395 3056 469 3112; x_wconf 83' lang='lat' dir='ltr'>aralo</span> <span class='ocrx_word' id='word_1_168' title='bbox 486 3051 619 3110; x_wconf 84' lang='lat' dir='ltr'>ordinem</span> <span class='ocrx_word' id='word_1_169' title='bbox 639 3053 761 3116; x_wconf 71' lang='lat' dir='ltr'>inuadite</span> <span class='ocrx_word' id='word_1_170' title='bbox 784 3060 812 3109; x_wconf 90' lang='lat' dir='ltr'>st</span> <span class='ocrx_word' id='word_1_171' title='bbox 832 3053 854 3110; x_wconf 91' lang='lat' dir='ltr'>si</span> <span class='ocrx_word' id='word_1_172' title='bbox 866 3061 944 3110; x_wconf 82' lang='lat' dir='ltr'>ector</span> <span class='ocrx_word' id='word_1_173' title='bbox 964 3054 1138 3112; x_wconf 86' lang='lat' dir='ltr'>consenserit</span> <span class='ocrx_word' id='word_1_174' title='bbox 1151 3061 1198 3112; x_wconf 79' lang='lat' dir='ltr'>nunt</span> <span class='ocrx_word' id='word_1_175' title='bbox 1209 3055 1337 3114; x_wconf 86' lang='lat' dir='ltr'>conscius</span> <span class='ocrx_word' id='word_1_176' title='bbox 1351 3056 1444 3127; x_wconf 81' lang='lat' dir='ltr'>luerit,</span> 
     </span>
     <span class='ocr_line' id='line_1_25' title="bbox 392 3150 1445 3224; baseline 0.003 -14"><span class='ocrx_word' id='word_1_177' title='bbox 392 3168 437 3210; x_wconf 86' lang='lat' dir='ltr'>res</span> <span class='ocrx_word' id='word_1_178' title='bbox 453 3150 515 3224; x_wconf 76' lang='lat' dir='ltr'>eius</span> <span class='ocrx_word' id='word_1_179' title='bbox 536 3152 634 3208; x_wconf 89' lang='lat' dir='ltr'>tollere</span> <span class='ocrx_word' id='word_1_180' title='bbox 660 3157 688 3208; x_wconf 88' lang='lat' dir='ltr'>et</span> <span class='ocrx_word' id='word_1_181' title='bbox 714 3150 886 3224; x_wconf 82' lang='lat' dir='ltr'>inpublicare</span> <span class='ocrx_word' id='word_1_182' title='bbox 907 3151 996 3210; x_wconf 77' lang='lat' dir='ltr'>iaciat</span> <span class='ocrx_word' id='word_1_183' title='bbox 1038 3152 1110 3220; x_wconf 80' lang='lat' dir='ltr'>Quia</span> <span class='ocrx_word' id='word_1_184' title='bbox 1140 3153 1224 3212; x_wconf 88' lang='lat' dir='ltr'>debet</span> <span class='ocrx_word' id='word_1_185' title='bbox 1246 3153 1445 3213; x_wconf 66' lang='lat' dir='ltr'>omnishomo</span> 
     </span>
    </p>
   </div>
   <div class='ocr_carea' id='block_1_10' title="bbox 218 3248 1444 3323">
    <p class='ocr_par' dir='ltr' id='par_1_11' title="bbox 218 3248 1444 3323">
     <span class='ocr_line' id='line_1_26' title="bbox 218 3248 1444 3323; baseline 0.004 -16"><span class='ocrx_word' id='word_1_186' title='bbox 218 3269 224 3278; x_wconf 94' lang='lat'>·</span> <span class='ocrx_word' id='word_1_187' title='bbox 255 3271 261 3283; x_wconf 94' lang='lat'>·</span> <span class='ocrx_word' id='word_1_188' title='bbox 300 3289 303 3296; x_wconf 84' lang='lat'><em>-</em></span> <span class='ocrx_word' id='word_1_189' title='bbox 391 3248 570 3309; x_wconf 82' lang='lat' dir='ltr'>considerare</span> <span class='ocrx_word' id='word_1_190' title='bbox 588 3255 702 3323; x_wconf 88' lang='lat' dir='ltr'>propter</span> <span class='ocrx_word' id='word_1_191' title='bbox 722 3251 812 3306; x_wconf 78' lang='lat' dir='ltr'>lierni</span> <span class='ocrx_word' id='word_1_192' title='bbox 832 3248 1001 3306; x_wconf 82' lang='lat' dir='ltr'>etanimaur</span> <span class='ocrx_word' id='word_1_193' title='bbox 1022 3265 1115 3320; x_wconf 85' lang='lat' dir='ltr'>suem,</span> <span class='ocrx_word' id='word_1_194' title='bbox 1138 3249 1273 3323; x_wconf 79' lang='lat' dir='ltr'>quonium</span> <span class='ocrx_word' id='word_1_195' title='bbox 1293 3267 1344 3309; x_wconf 85' lang='lat' dir='ltr'>uos</span> <span class='ocrx_word' id='word_1_196' title='bbox 1365 3253 1444 3312; x_wconf 75' lang='lat' dir='ltr'>illuri</span> 
     </span>
    </p>
   </div>
   <div class='ocr_carea' id='block_1_11' title="bbox 389 3347 1445 3814">
    <p class='ocr_par' dir='ltr' id='par_1_12' title="bbox 389 3347 1445 3814">
     <span class='ocr_line' id='line_1_27' title="bbox 390 3347 1445 3421; baseline -0.001 -14"><span class='ocrx_word' id='word_1_197' title='bbox 390 3349 572 3408; x_wconf 74' lang='lat' dir='ltr'>rolrmsimue</span> <span class='ocrx_word' id='word_1_198' title='bbox 597 3347 727 3410; x_wconf 67' lang='lat' dir='ltr'>elisere</span> <span class='ocrx_word' id='word_1_199' title='bbox 747 3361 933 3418; x_wconf 79' lang='lat' dir='ltr'>eremannos,</span> <span class='ocrx_word' id='word_1_200' title='bbox 956 3347 1034 3421; x_wconf 87' lang='lat' dir='ltr'>quod</span> <span class='ocrx_word' id='word_1_201' title='bbox 1061 3347 1143 3404; x_wconf 90' lang='lat' dir='ltr'>nobis</span> <span class='ocrx_word' id='word_1_202' title='bbox 1174 3347 1307 3406; x_wconf 85' lang='lat' dir='ltr'>incuriis</span> <span class='ocrx_word' id='word_1_203' title='bbox 1336 3357 1445 3407; x_wconf 80' lang='lat' dir='ltr'>uostms</span> 
     </span>
     <span class='ocr_line' id='line_1_28' title="bbox 391 3443 1444 3521; baseline 0.002 -17"><span class='ocrx_word' id='word_1_204' title='bbox 391 3447 545 3504; x_wconf 60' lang='lat' dir='ltr'>”cundum</span> <span class='ocrx_word' id='word_1_205' title='bbox 565 3443 681 3518; x_wconf 87' lang='lat' dir='ltr'>antiquo</span> <span class='ocrx_word' id='word_1_206' title='bbox 701 3444 801 3502; x_wconf 84' lang='lat' dir='ltr'>Edicto</span> <span class='ocrx_word' id='word_1_207' title='bbox 817 3445 931 3516; x_wconf 21' lang='lat' dir='ltr'>,legibus</span> <span class='ocrx_word' id='word_1_208' title='bbox 952 3445 1128 3518; x_wconf 72' lang='lat' dir='ltr'>pertinebalr</span> <span class='ocrx_word' id='word_1_209' title='bbox 1151 3447 1285 3520; x_wconf 86' lang='lat' dir='ltr'>quoniam</span> <span class='ocrx_word' id='word_1_210' title='bbox 1303 3447 1350 3521; x_wconf 76' lang='lat' dir='ltr'>qui</span> <span class='ocrx_word' id='word_1_211' title='bbox 1361 3463 1444 3506; x_wconf 73' lang='lat' dir='ltr'>unam</span> 
     </span>
     <span class='ocr_line' id='line_1_29' title="bbox 391 3541 1444 3624; baseline 0.001 -23"><span class='ocrx_word' id='word_1_212' title='bbox 391 3545 477 3602; x_wconf 84' lang='lat' dir='ltr'>filiam</span> <span class='ocrx_word' id='word_1_213' title='bbox 497 3541 691 3624; x_wconf 81' lang='lat' dir='ltr'>relinquebat,</span> <span class='ocrx_word' id='word_1_214' title='bbox 721 3548 827 3599; x_wconf 88' lang='lat' dir='ltr'>tautum</span> <span class='ocrx_word' id='word_1_215' title='bbox 848 3543 877 3598; x_wconf 93' lang='lat' dir='ltr'>in</span> <span class='ocrx_word' id='word_1_216' title='bbox 899 3543 1008 3612; x_wconf 78' lang='lat' dir='ltr'>tertiam</span> <span class='ocrx_word' id='word_1_217' title='bbox 1029 3559 1095 3616; x_wconf 82' lang='lat' dir='ltr'>pars</span> <span class='ocrx_word' id='word_1_218' title='bbox 1114 3545 1283 3612; x_wconf 82' lang='lat' dir='ltr'>substantiae</span> <span class='ocrx_word' id='word_1_219' title='bbox 1303 3544 1374 3618; x_wconf 82' lang='lat' dir='ltr'>petri</span> <span class='ocrx_word' id='word_1_220' title='bbox 1394 3561 1444 3602; x_wconf 80' lang='lat' dir='ltr'>stro</span> 
     </span>
     <span class='ocr_line' id='line_1_30' title="bbox 389 3639 1445 3716; baseline 0 -17"><span class='ocrx_word' id='word_1_221' title='bbox 389 3641 569 3710; x_wconf 79' lang='lat' dir='ltr'>succedebat,</span> <span class='ocrx_word' id='word_1_222' title='bbox 593 3646 620 3696; x_wconf 89' lang='lat' dir='ltr'>et</span> <span class='ocrx_word' id='word_1_223' title='bbox 639 3639 706 3696; x_wconf 92' lang='lat' dir='ltr'>duas</span> <span class='ocrx_word' id='word_1_224' title='bbox 727 3639 755 3696; x_wconf 93' lang='lat' dir='ltr'>in</span> <span class='ocrx_word' id='word_1_225' title='bbox 778 3640 891 3712; x_wconf 89' lang='lat' dir='ltr'>publico</span> <span class='ocrx_word' id='word_1_226' title='bbox 910 3641 1086 3698; x_wconf 85' lang='lat' dir='ltr'>revertebant</span> <span class='ocrx_word' id='word_1_227' title='bbox 1106 3642 1128 3700; x_wconf 90' lang='lat' dir='ltr'>si</span> <span class='ocrx_word' id='word_1_228' title='bbox 1150 3643 1324 3716; x_wconf 87' lang='lat' dir='ltr'>propinquus</span> <span class='ocrx_word' id='word_1_229' title='bbox 1344 3659 1445 3716; x_wconf 88' lang='lat' dir='ltr'>paren-</span> 
     </span>
     <span class='ocr_line' id='line_1_31' title="bbox 390 3737 1442 3814; baseline 0.002 -18"><span class='ocrx_word' id='word_1_230' title='bbox 390 3746 432 3797; x_wconf 87' lang='lat' dir='ltr'>tes</span> <span class='ocrx_word' id='word_1_231' title='bbox 453 3755 510 3796; x_wconf 84' lang='lat' dir='ltr'>non</span> <span class='ocrx_word' id='word_1_232' title='bbox 530 3738 669 3804; x_wconf 80' lang='lat' dir='ltr'>babebat3</span> <span class='ocrx_word' id='word_1_233' title='bbox 698 3738 772 3794; x_wconf 86' lang='lat' dir='ltr'>etsi</span> <span class='ocrx_word' id='word_1_234' title='bbox 794 3739 861 3794; x_wconf 87' lang='lat' dir='ltr'>duas</span> <span class='ocrx_word' id='word_1_235' title='bbox 881 3737 953 3796; x_wconf 81' lang='lat' dir='ltr'>filies</span> <span class='ocrx_word' id='word_1_236' title='bbox 974 3739 1095 3796; x_wconf 82' lang='lat' dir='ltr'>babebat</span> <span class='ocrx_word' id='word_1_237' title='bbox 1114 3739 1221 3813; x_wconf 84' lang='lat' dir='ltr'>aliquis</span> <span class='ocrx_word' id='word_1_238' title='bbox 1242 3748 1290 3798; x_wconf 90' lang='lat' dir='ltr'>ant</span> <span class='ocrx_word' id='word_1_239' title='bbox 1312 3740 1442 3814; x_wconf 87' lang='lat' dir='ltr'>amplius,</span> 
     </span>
    </p>
   </div>
   <div class='ocr_carea' id='block_1_12' title="bbox 282 3836 1444 3910">
    <p class='ocr_par' dir='ltr' id='par_1_13' title="bbox 282 3836 1444 3910">
     <span class='ocr_line' id='line_1_32' title="bbox 282 3836 1444 3910; baseline 0.003 -17"><span class='ocrx_word' id='word_1_240' title='bbox 282 3857 293 3868; x_wconf 75' lang='lat'><em>·</em></span> <span class='ocrx_word' id='word_1_241' title='bbox 388 3837 418 3894; x_wconf 88' lang='lat' dir='ltr'>iu</span> <span class='ocrx_word' id='word_1_242' title='bbox 436 3837 612 3894; x_wconf 83' lang='lat' dir='ltr'>medietatem</span> <span class='ocrx_word' id='word_1_243' title='bbox 634 3843 740 3893; x_wconf 75' lang='lat' dir='ltr'>uatum</span> <span class='ocrx_word' id='word_1_244' title='bbox 760 3836 947 3892; x_wconf 85' lang='lat' dir='ltr'>succedebant</span> <span class='ocrx_word' id='word_1_245' title='bbox 967 3836 1037 3910; x_wconf 88' lang='lat' dir='ltr'>patri</span> <span class='ocrx_word' id='word_1_246' title='bbox 1057 3853 1118 3908; x_wconf 91' lang='lat' dir='ltr'>suo,</span> <span class='ocrx_word' id='word_1_247' title='bbox 1143 3845 1172 3894; x_wconf 88' lang='lat' dir='ltr'>ei</span> <span class='ocrx_word' id='word_1_248' title='bbox 1190 3839 1316 3910; x_wconf 87' lang='lat' dir='ltr'>publicus</span> <span class='ocrx_word' id='word_1_249' title='bbox 1335 3838 1364 3898; x_wconf 90' lang='lat' dir='ltr'>in</span> <span class='ocrx_word' id='word_1_250' title='bbox 1385 3856 1444 3896; x_wconf 86' lang='lat' dir='ltr'>me·</span> 
     </span>
    </p>
   </div>
   <div class='ocr_carea' id='block_1_13' title="bbox 387 3932 1445 4597">
    <p class='ocr_par' dir='ltr' id='par_1_14' title="bbox 387 3932 1445 4597">
     <span class='ocr_line' id='line_1_33' title="bbox 389 3932 1445 4012; baseline 0.004 -22"><span class='ocrx_word' id='word_1_251' title='bbox 389 3932 536 3992; x_wconf 79' lang='lat' dir='ltr'>dietatsmr</span> <span class='ocrx_word' id='word_1_252' title='bbox 568 3941 599 3992; x_wconf 89' lang='lat' dir='ltr'>et</span> <span class='ocrx_word' id='word_1_253' title='bbox 627 3949 693 3992; x_wconf 88' lang='lat' dir='ltr'>ecce</span> <span class='ocrx_word' id='word_1_254' title='bbox 722 3949 774 3990; x_wconf 87' lang='lat' dir='ltr'>uos</span> <span class='ocrx_word' id='word_1_255' title='bbox 801 3933 887 3990; x_wconf 82' lang='lat' dir='ltr'>modo</span> <span class='ocrx_word' id='word_1_256' title='bbox 915 3934 1008 3992; x_wconf 87' lang='lat' dir='ltr'>omnir</span> <span class='ocrx_word' id='word_1_257' title='bbox 1038 3934 1196 3993; x_wconf 73' lang='lat' dir='ltr'>dotalibus</span> <span class='ocrx_word' id='word_1_258' title='bbox 1220 3936 1310 3994; x_wconf 85' lang='lat' dir='ltr'>causis</span> <span class='ocrx_word' id='word_1_259' title='bbox 1329 3943 1445 4012; x_wconf 82' lang='lat' dir='ltr'>propter</span> 
     </span>
     <span class='ocr_line' id='line_1_34' title="bbox 389 4031 1444 4109; baseline 0.004 -21"><span class='ocrx_word' id='word_1_260' title='bbox 389 4033 479 4088; x_wconf 63' lang='lat' dir='ltr'>mum</span> <span class='ocrx_word' id='word_1_261' title='bbox 508 4039 536 4089; x_wconf 84' lang='lat' dir='ltr'>ei</span> <span class='ocrx_word' id='word_1_262' title='bbox 559 4031 620 4106; x_wconf 22' lang='lat' dir='ltr'>*ejus</span> <span class='ocrx_word' id='word_1_263' title='bbox 650 4031 869 4092; x_wconf 82' lang='lat' dir='ltr'>misericoidiani</span> <span class='ocrx_word' id='word_1_264' title='bbox 904 4031 1097 4091; x_wconf 75' lang='lat' dir='ltr'>releuvinius.</span> <span class='ocrx_word' id='word_1_265' title='bbox 1139 4033 1262 4092; x_wconf 81' lang='lat' dir='ltr'>Proinde</span> <span class='ocrx_word' id='word_1_266' title='bbox 1292 4034 1444 4109; x_wconf 79' lang='lat' dir='ltr'>unicuique</span> 
     </span>
     <span class='ocr_line' id='line_1_35' title="bbox 388 4129 1443 4204; baseline 0.005 -18"><span class='ocrx_word' id='word_1_267' title='bbox 388 4129 471 4186; x_wconf 86' lang='lat' dir='ltr'>debet</span> <span class='ocrx_word' id='word_1_268' title='bbox 491 4131 618 4188; x_wconf 77' lang='lat' dir='ltr'>sulficere</span> <span class='ocrx_word' id='word_1_269' title='bbox 638 4147 694 4188; x_wconf 83' lang='lat' dir='ltr'>sua.</span> <span class='ocrx_word' id='word_1_270' title='bbox 709 4131 899 4196; x_wconf 81' lang='lat' dir='ltr'>substantiam,</span> <span class='ocrx_word' id='word_1_271' title='bbox 922 4137 950 4187; x_wconf 91' lang='lat' dir='ltr'>et</span> <span class='ocrx_word' id='word_1_272' title='bbox 964 4147 1021 4186; x_wconf 90' lang='lat' dir='ltr'>nou</span> <span class='ocrx_word' id='word_1_273' title='bbox 1043 4129 1127 4188; x_wconf 87' lang='lat' dir='ltr'>debet</span> <span class='ocrx_word' id='word_1_274' title='bbox 1147 4131 1327 4204; x_wconf 76' lang='lat' dir='ltr'>cupiditatem</span> <span class='ocrx_word' id='word_1_275' title='bbox 1340 4133 1443 4190; x_wconf 82' lang='lat' dir='ltr'>bebere</span> 
     </span>
     <span class='ocr_line' id='line_1_36' title="bbox 389 4228 1444 4300; baseline 0.004 -16"><span class='ocrx_word' id='word_1_276' title='bbox 389 4233 485 4285; x_wconf 78' lang='lat' dir='ltr'>oonba</span> <span class='ocrx_word' id='word_1_277' title='bbox 504 4229 643 4286; x_wconf 89' lang='lat' dir='ltr'>rationem</span> <span class='ocrx_word' id='word_1_278' title='bbox 664 4228 875 4300; x_wconf 85' lang='lat' dir='ltr'>conparandum</span> <span class='ocrx_word' id='word_1_279' title='bbox 895 4228 930 4286; x_wconf 84' lang='lat' dir='ltr'>da</span> <span class='ocrx_word' id='word_1_280' title='bbox 950 4245 1030 4286; x_wconf 80' lang='lat' dir='ltr'>seruo</span> <span class='ocrx_word' id='word_1_281' title='bbox 1050 4234 1098 4285; x_wconf 81' lang='lat' dir='ltr'>aut</span> <span class='ocrx_word' id='word_1_282' title='bbox 1117 4229 1152 4285; x_wconf 88' lang='lat' dir='ltr'>de</span> <span class='ocrx_word' id='word_1_283' title='bbox 1173 4229 1314 4291; x_wconf 79' lang='lat' dir='ltr'>aldionem</span> <span class='ocrx_word' id='word_1_284' title='bbox 1334 4230 1378 4287; x_wconf 85' lang='lat' dir='ltr'>sel</span> <span class='ocrx_word' id='word_1_285' title='bbox 1393 4230 1444 4288; x_wconf 80' lang='lat' dir='ltr'>eb·</span> 
     </span>
     <span class='ocr_line' id='line_1_37' title="bbox 388 4324 1443 4400; baseline 0.001 -18"><span class='ocrx_word' id='word_1_286' title='bbox 388 4324 450 4382; x_wconf 87' lang='lat' dir='ltr'>ibin</span> <span class='ocrx_word' id='word_1_287' title='bbox 472 4333 576 4385; x_wconf 91' lang='lat' dir='ltr'>nostro.</span> <span class='ocrx_word' id='word_1_288' title='bbox 599 4325 678 4384; x_wconf 82' lang='lat' dir='ltr'>[Inde</span> <span class='ocrx_word' id='word_1_289' title='bbox 700 4325 747 4400; x_wconf 86' lang='lat' dir='ltr'>qui</span> <span class='ocrx_word' id='word_1_290' title='bbox 769 4325 823 4386; x_wconf 87' lang='lat' dir='ltr'>boc</span> <span class='ocrx_word' id='word_1_291' title='bbox 843 4325 934 4384; x_wconf 85' lang='lat' dir='ltr'>iecere</span> <span class='ocrx_word' id='word_1_292' title='bbox 950 4327 1158 4400; x_wconf 80' lang='lat' dir='ltr'>presumpserit.</span> <span class='ocrx_word' id='word_1_293' title='bbox 1182 4343 1342 4400; x_wconf 83' lang='lat' dir='ltr'>conponere</span> <span class='ocrx_word' id='word_1_294' title='bbox 1358 4328 1443 4385; x_wconf 87' lang='lat' dir='ltr'>babet</span> 
     </span>
     <span class='ocr_line' id='line_1_38' title="bbox 387 4422 1443 4500; baseline 0.005 -23"><span class='ocrx_word' id='word_1_295' title='bbox 387 4422 458 4478; x_wconf 87' lang='lat' dir='ltr'>siout</span> <span class='ocrx_word' id='word_1_296' title='bbox 474 4423 610 4496; x_wconf 83' lang='lat' dir='ltr'>scriptum</span> <span class='ocrx_word' id='word_1_297' title='bbox 629 4432 689 4490; x_wconf 70' lang='lat' dir='ltr'>ests</span> <span class='ocrx_word' id='word_1_298' title='bbox 719 4423 834 4496; x_wconf 87' lang='lat' dir='ltr'>insuper</span> <span class='ocrx_word' id='word_1_299' title='bbox 863 4424 891 4480; x_wconf 87' lang='lat' dir='ltr'>in</span> <span class='ocrx_word' id='word_1_300' title='bbox 922 4423 1037 4498; x_wconf 68' lang='lat' dir='ltr'>pen‘urii</span> <span class='ocrx_word' id='word_1_301' title='bbox 1057 4432 1165 4483; x_wconf 86' lang='lat' dir='ltr'>reatum</span> <span class='ocrx_word' id='word_1_302' title='bbox 1192 4425 1276 4483; x_wconf 88' lang='lat' dir='ltr'>nobis</span> <span class='ocrx_word' id='word_1_303' title='bbox 1296 4423 1443 4500; x_wconf 84' lang='lat' dir='ltr'>conparuit</span> 
     </span>
     <span class='ocr_line' id='line_1_39' title="bbox 387 4515 1440 4597; baseline 0.002 -19"><span class='ocrx_word' id='word_1_304' title='bbox 387 4520 544 4593; x_wconf 87' lang='lat' dir='ltr'>pertinere,</span> <span class='ocrx_word' id='word_1_305' title='bbox 574 4536 609 4577; x_wconf 89' lang='lat' dir='ltr'>eo</span> <span class='ocrx_word' id='word_1_306' title='bbox 629 4519 707 4594; x_wconf 82' lang='lat' dir='ltr'>quod</span> <span class='ocrx_word' id='word_1_307' title='bbox 724 4519 809 4577; x_wconf 78' lang='lat' dir='ltr'>nobb</span> <span class='ocrx_word' id='word_1_308' title='bbox 825 4520 947 4594; x_wconf 79' lang='lat' dir='ltr'>juratum</span> <span class='ocrx_word' id='word_1_309' title='bbox 967 4522 1052 4579; x_wconf 80' lang='lat' dir='ltr'>hebet</span> <span class='ocrx_word' id='word_1_310' title='bbox 1067 4524 1148 4597; x_wconf 76' lang='lat' dir='ltr'>qood</span> <span class='ocrx_word' id='word_1_311' title='bbox 1169 4521 1257 4582; x_wconf 76' lang='lat' dir='ltr'>«uobis</span> <span class='ocrx_word' id='word_1_312' title='bbox 1276 4515 1372 4580; x_wconf 79' lang='lat' dir='ltr'>fidelis</span> <span class='ocrx_word' id='word_1_313' title='bbox 1385 4521 1440 4590; x_wconf 86' lang='lat' dir='ltr'>sii;</span> 
     </span>
    </p>
   </div>
   <div class='ocr_carea' id='block_1_14' title="bbox 0 0 1604 5222">
    <p class='ocr_par' dir='ltr' id='par_1_15' title="bbox 0 0 1604 5222">
     <span class='ocr_line' id='line_1_40' title="bbox 0 0 1604 5222; baseline 0 4"><span class='ocrx_word' id='word_1_314' title='bbox 0 0 1604 5222; x_wconf 95' lang='lat' dir='ltr'> </span> 
     </span>
    </p>
   </div>
  </div>
 </body>
</html>
