3172 5228
420 435 462 504 82
785 451 971 502 uocauerant
995 451 1086 496 rems

497 603 575 678 (ΙΙΙ.)
604 604 661 660 w.
688 603 722 662 ui
741 601 807 675 ,quis
825 602 900 660 liber
917 602 1008 658 hemo
1023 601 1062 658 ad
1082 601 1168 657 alium
1188 599 1307 657 liberum
1329 601 1470 656 huminem
1583 581 1584 660 Ῐ

418 703 566 759 consilium
581 701 687 758 dederit
702 700 855 773 perjurare,
879 706 925 758 aut
947 716 1008 757 casa
1022 691 1307 762 'alterius-incendere
1323 699 1371 755 ubi
1389 699 1472 755 homo
1583 697 1584 700 ’

418 817 481 856 cum
502 800 585 855 rebus
605 797 661 855 suis
682 797 828 867 inhabitat,
852 803 899 852 aut
914 796 1059 852 mulierem
1077 797 1197 853 alienam
1213 798 1254 851 vel
1270 797 1360 868 puella
1377 798 1473 852 tollere

418 901 459 955 vel
481 913 597 970 rapere,
629 902 657 952 ot
676 911 758 951 eausa
779 901 892 967 provata
911 893 996 950 tuerit
1008 887 1022 964 ,’
1045 901 1187 965 conponat
1202 895 1339 966 'pro'ipso
1361 895 1473 950 inlecito

417 995 535 1052 condita
557 993 633 1067 quod
655 999 751 1050 cuutra
772 993 909 1050 rationum
930 990 1096 1048 ministravit
1116 991 1221 1051 solidos
1243 1007 1277 1048 c:
1300 990 1337 1050 ita
1358 1008 1424 1048 saue
1445 999 1475 1047 ut

418 1093 489 1148 iuter
510 1091 560 1146 iota
576 1089 696 1161 capitula
717 1105 791 1161 quae
807 1088 938 1156 diximus,
958 1089 1036 1146 ‘uude
1048 1088 1203 1160 conpositio
1219 1089 1304 1146 datrar
1318 1105 1368 1160 per
1382 1089 1474 1161 ipsum

342 1168 346 1182 ⁹
416 1190 469 1262 qui
485 1187 560 1260 ipsut
580 1188 683 1244 malum
705 1185 759 1257 agit
781 1186 863 1242 solidi
885 1201 985 1250 occec,
1009 1185 1069 1257 ipsc
1091 1185 1254 1244 consiliator
1269 1193 1410 1258 caupouat
1430 1202 1476 1240 so·
1583 1229 1584 1244 t

415 1287 488 1344 lidos
504 1301 541 1352 ες
563 1291 591 1343 et
612 1283 686 1342 undo
708 1283 866 1354 conpositio
885 1284 936 1340 det
957 1283 991 1338 de
1009 1283 1116 1343 solidos
1133 1299 1203 1350 uuo,
1227 1283 1388 1346 consiliator
1405 1299 1475 1340 con·
1583 1313 1584 1324 Ι

416 1390 502 1457 ponat
522 1382 627 1440 solidos
647 1398 681 1446 ις
700 1387 732 1436 et
752 1381 775 1436 si
793 1381 888 1438 minuo
905 1381 944 1438 do
965 1381 1098 1438 tricentos
1114 1381 1216 1437 ‘solidis
1233 1381 1386 1455 ¹iireritipsu
1406 1396 1475 1438 cou-

339 1491 341 1495 “
361 1541 363 1552 ,
416 1481 528 1555 positio,
551 1479 712 1562 consiliator
727 1486 870 1551 corporat
883 1479 989 1536 solidet
1001 1495 1052 1546 11„
1075 1478 1167 1536 miuus
1186 1496 1262 1538 noa:
1278 1479 1474 1538 mediaetatem

416 1599 449 1636 ex
464 1578 596 1638 omuibus
613 1577 804 1649 suprascriptis
820 1576 946 1649 capitulis
960 1578 990 1634 iu
1003 1577 1105 1649 palatio
1125 1576 1210 1647 regia,
1230 1585 1257 1634 et
1280 1577 1474 1636 mediaetatem

416 1679 583 1750 cujuoeausa
600 1674 689 1732 luerit
711 1675 747 1733 Et
765 1674 786 1731 si
804 1675 874 1746 ipse,
891 1659 928 1732 de
939 1691 994 1746 quo
1010 1674 1197 1746 diciturquod
1208 1675 1475 1746 suprascriptamala

415 1773 591 1843 consumsit,
614 1778 705 1834 uetare
717 1755 1020 1846 volueritquodtalem
1038 1772 1185 1828 consilium
1195 1772 1389 1842 conuertisse,
1412 1787 1476 1844 pre·

416 1879 476 1928 veat
489 1877 694 1942 sagramentum
715 1886 778 1926 cum
799 1868 936 1940 legetimis
952 1869 1199 1940 sagramentalibus
1219 1869 1276 1927 suis
1292 1871 1370 1942 juxta
1385 1870 1476 1942 qualis

417 1986 498 2028 causa
519 1969 613 2038 tuerit,
636 1975 664 2024 et
684 1967 719 2023 sit
740 1967 882 2030 abactutus
904 1986 920 2025 a
937 1969 1040 2040 culpa3
1061 1983 1129 2026 uam
1151 1983 1200 2040 pou
1217 1983 1313 2040 pugna
1332 1985 1391 2024 vnora
1413 1967 1475 2024 lati-

416 2073 513 2142 gctur:
537 2083 601 2124 uam
623 2065 645 2120 ui
667 2065 711 2122 rai
730 2065 828 2122 veritas
846 2065 1028 2122 manifestata
1044 2064 1144 2130 luerit,
1168 2073 1309 2137 conponat
1330 2073 1473 2137 utsupra.

496 2161 597 2236 (ΙΙΙΙ.)χ
608 2165 667 2222 28·
690 2163 895 2225 lledouatione
912 2161 1059 2235 quaeriue
1076 2161 1234 2222 lauuoclrild
1256 2169 1305 2218 aut
1322 2163 1382 2224 uiue
1400 2163 1477 2220 thiu-

416 2262 528 2332 gatione
550 2261 621 2317 lacta
643 2266 702 2328 est,
730 2262 851 2317 menime
873 2268 944 2318 stare
965 2260 1080 2324 daveda
1109 2259 1173 2331 quia
1194 2259 1244 2320 etei
1266 2260 1422 2330 specialiter
1439 2261 1474 2318 iu

415 2358 545 2415 Edictum
567 2359 607 2413 sic
628 2374 686 2412 uon
708 2356 761 2414 suit
780 2357 951 2426 institutum,
984 2363 1075 2412 tamen
1099 2371 1186 2428 usque
1207 2357 1292 2412 modo
1313 2358 1352 2413 sic
1373 2364 1414 2413 est
1430 2359 1477 2430 ju·
1583 2374 1584 2442 j

415 2456 546 2512 dicatum.
570 2454 648 2522 ideo,
670 2469 723 2525 pro
743 2469 838 2508 emere
857 2453 1034 2521 tollendurm·
1049 2453 1102 2508 hoo
1123 2452 1243 2509 scribere
1264 2453 1293 2510 in
1311 2455 1404 2512 Edicti
1425 2471 1476 2528 pa·
1583 2449 1584 2460 ¹

415 2553 508 2623 giuam
521 2551 663 2622 passimus,
682 2557 713 2606 ut
730 2551 777 2622 qui
793 2550 876 2606 luerit
889 2550 1066 2623 propinquus
1087 2567 1186 2623 pareus
1208 2542 1266 2624 ipie
1284 2553 1423 2616 succidat3
1446 2558 1477 2608 et

415 2649 438 2704 oi
464 2649 515 2705 ille
543 2649 692 2719 sepmeotis
721 2647 803 2704 luerit
828 2649 876 2720 qui
907 2651 995 2720 ipsam
1023 2648 1204 2704 locationem
1233 2649 1292 2705 εἰπε
1314 2649 1475 2706 launechild

416 2744 503 2810 dedit,
528 2745 614 2816 pomit
629 2759 695 2801 eam
716 2762 732 2801 a
753 2761 782 2802 se
804 2747 991 2816 recollegere:
1010 2752 1133 2816 excepto
1154 2745 1176 2814 si
1198 2729 1404 2814 incomestum,
1427 2754 1477 2802 aut

415 2843 446 2900 iu
463 2844 528 2899 luca
543 2850 725 2912 'mouturam
758 2849 805 2900 aut
831 2842 861 2898 iu
887 2843 1099 2899 axeneeuoehto
1122 2859 1173 2916 pre
1192 2843 1286 2912 anima
1308 2857 1356 2900 tua
1376 2844 1477 2916 aliquit

415 2942 596 3013 quiscumque
618 2940 777 3005 donaverit,
808 2941 906 2998 stabile
927 2941 1027 2997 deveat
1046 2956 1235 3013 permaneam
1267 2941 1332 3014 quia
1359 2941 1388 2997 iu
1409 2942 1475 3011 loga

414 3043 573 3095 meatorum
592 3044 640 3094 aut
660 3038 689 3093 iu
707 3037 925 3095 exoueodoehio
955 3055 1006 3094 neu
1035 3038 1115 3094 thina
1134 3055 1189 3095 uec
1211 3038 1372 3096 launechild
1392 3039 1476 3111 inpe-

415 3137 475 3192 dire
494 3137 582 3205 derit,
602 3152 639 3192 eo
663 3135 738 3208 quod
761 3149 811 3208 pro
827 3135 926 3191 =auium
943 3136 1050 3193 lectum
1066 3141 1122 3191 est.
1266 3145 1268 3148 ·

495 3230 551 3307 (lli
582 3233 641 3290 Ἄ.
667 3232 697 3288 Si
716 3233 810 3290 iudaea
830 3233 899 3290 dum
919 3233 991 3291 intra
1012 3240 1100 3290 aetate
1121 3240 1166 3289 est
1183 3249 1230 3290 res
1251 3249 1313 3290 suaa
1334 3249 1397 3290 cum
1420 3233 1476 3290 lra-

415 3331 502 3388 tribua
524 3338 571 3386 aot
588 3346 650 3386 cum
671 3329 832 3401 parentibus
849 3330 908 3386 ouis
925 3329 1054 3388 deridere
1071 3329 1200 3401 uoluerit,
1224 3337 1271 3387 aut
1291 3331 1314 3387 si
1336 3329 1388 3403 ipsi
1408 3348 1474 3387 cum

414 3428 476 3500 ipso
497 3427 602 3484 intanta
624 3427 747 3484 dividere
768 3427 923 3497 volueriut,
955 3427 1036 3485 faeiat
1062 3429 1149 3500 judici
1175 3429 1330 3498 ecditiam,
1359 3436 1394 3484 etr
1412 3429 1474 3502 ipae

411 3524 498 3596 judea
519 3514 601 3580 iaciat
617 3523 715 3580 ueuim
737 3525 858 3597 poteritis
878 3525 986 3598 ipsius,
1010 3533 1037 3582 at
1056 3543 1197 3584 unacum
1218 3527 1285 3602 ipsis
1306 3535 1352 3583 aut
1372 3543 1422 3599 per
1444 3543 1473 3583 se

311 3647 313 3652 ·
415 3621 506 3694 ipsum
528 3628 574 3678 aut
603 3623 787 3694 permissum
816 3639 896 3682 aarum
917 3625 1020 3680 bouum
1047 3639 1195 3698 pomonam
1217 3626 1307 3682 Deum
1328 3625 1473 3683 timentem

415 3735 458 3775 rco
475 3719 552 3794 ipsas
573 3720 716 3790 dividant,
746 3721 786 3778 sic
808 3727 899 3786 lamen
922 3727 951 3777 ut
979 3723 1055 3780 omni
1077 3731 1201 3797 tempore
1228 3723 1309 3784 surda
1330 3731 1403 3782 utare
1423 3723 1473 3778 de·

415 3817 507 3886 beant,
530 3823 559 3874 et
579 3818 742 3892 adaequatio
763 3826 914 3894 percurrat

490 3911 570 3990 tlt.)
592 3917 651 3976 ἶὸ.
674 3916 704 3973 Si
725 3916 816 3972 intans
837 3916 903 3974 dum
923 3915 995 3974 intra
1017 3924 1135 3989 aetatem
1155 3925 1197 3976 est
1218 3934 1327 3976 caueam
1346 3917 1473 3974 habuerit

415 4027 478 4068 cum
505 4014 737 4086 qualemcumque
758 4013 912 4083 homiuem,
935 4012 1063 4072 similiter
1081 4015 1165 4072 iaciat
1182 4015 1268 4088 judex
1288 4015 1410 4087 pareatis
1430 4014 1473 4086 ip-

416 4108 471 4164 sius
494 4111 668 4187 propinquos
690 4110 795 4176 venire,
819 4117 846 4168 et
867 4110 980 4170 accedat
999 4119 1065 4184 aput
1086 4113 1179 4168 locum
1200 4129 1263 4174 eum
1284 4111 1352 4184 ipsis
1373 4127 1471 4185 pareo·
1583 4187 1584 4190 Ἴ

415 4205 497 4276 tibus„
522 4215 549 4292 ot
566 4207 697 4267 deliberit
712 4223 822 4270 caueam
843 4208 932 4288 ipsam
953 4224 1004 4281 per
1017 4208 1164 4282 justitiam,
1187 4216 1214 4266 ot
1235 4210 1316 4266 iaciat
1337 4208 1472 4264 uoditiam

414 4303 442 4358 in
464 4319 582 4375 quorum
601 4303 774 4387 presentiam
794 4321 905 4366 causam
922 4305 1014 4378 ipsam
1035 4305 1247 4397 deliberaverit,
1266 4312 1300 4362 et
1314 4307 1469 4382 iudicatum

413 4416 494 4456 suum
514 4400 638 4470 emittat,
671 4409 701 4458 ut
721 4401 781 4476 ipse
812 4404 860 4475 qui
881 4419 991 4460 caueam
1021 4418 1100 4460 auam
1121 4405 1214 4477 querit¹
1233 4419 1291 4464 uon
1312 4403 1410 4477 perdat
1424 4403 1470 4476 ju·
1583 4487 1584 4494 ἵ
