3172 5228
390 507 436 572 8⁶
768 527 953 575 erumnam
976 527 1069 576 noas
1102 539 1104 546 ’

389 685 557 752 protegente,
578 682 655 751 repsi
674 681 766 737 nom
781 679 996 752 quintodecimo,
1027 683 1176 739 indictione
1197 685 1322 750 dmiccc,
1348 681 1447 762 “lm

388 793 438 848 pro
458 779 615 848 quietudine
632 793 781 848 pauperum
801 787 828 834 et
845 781 964 834 connium
987 779 1233 852 langoburdorum
1249 781 1368 850 tidelm
1394 795 1446 834 no·

392 883 510 931 duonum
540 877 767 957 tranquillitatem
782 879 969 948 promouimns
988 881 1019 934 in
1039 879 1132 934 Edicti
1150 895 1259 950 corpore
1277 880 1326 934 iliu
1344 878 1447 948 odjum

389 989 459 1046 pere,
482 975 554 1028 unde
573 980 653 1029 anteo
674 981 732 1028 erat
753 976 856 1030 incerto
877 977 1012 1046 difinitio,
1040 979 1169 1048 quonium
1188 977 1238 1031 ulii
1257 977 1380 1032 ueniunt
1398 991 1448 1044 per

389 1087 477 1140 mnu»,
499 1071 549 1126 etii
565 1085 615 1141 per
635 1072 781 1128 erdddunv
795 1073 930 1143 indicere.
954 1071 1009 1129 Sed
1027 1076 1120 1130 melius
1139 1089 1212 1130 nune
1231 1081 1269 1129 est
1288 1081 1318 1130 act
1337 1073 1381 1128 ilie
1400 1073 1447 1126 in-

388 1175 511 1240 ponetur·
529 1171 658 1225 coninn
677 1171 752 1224 unde
770 1172 857 1225 nostri
876 1171 986 1242 eudjecti
1006 1189 1061 1226 non
1085 1172 1249 1242 fatigentur,
1282 1178 1310 1227 et
1331 1168 1449 1241 quuiitcr
1565 1209 1566 1236 1

389 1267 510 1323 onmium
527 1281 599 1322 mens
616 1267 673 1334 fuit
689 1283 746 1322 nne
760 1268 898 1324 noiiscurn
913 1283 1064 1337 consensus,
1087 1271 1128 1324 ito
1146 1271 1243 1324 ornodo
1264 1270 1338 1324 etin
1353 1268 1449 1336 penno

391 1367 485 1420 deveat
502 1379 668 1435 permonere.

468 1461 591 1518 Primum
611 1463 730 1518 nennium
744 1469 860 1518 statuere
868 1461 1038 1533 presidemus
1057 1480 1107 1534 pro
1128 1465 1291 1519 christianae
1312 1470 1336 1518 ei
1356 1463 1448 1518 tutne-

390 1562 461 1616 lieac
478 1560 544 1631 lepis
563 1560 725 1628 definitione,
749 1562 881 1630 quatinus
897 1562 988 1617 nuilite
1007 1577 1025 1615 s
1043 1563 1096 1630 fide
1118 1561 1215 1617 carissi
1240 1562 1366 1618 oberrem
1383 1577 1447 1630 pre-
1565 1613 1566 1620 ,

334 1709 336 1714 .
390 1664 488 1726 nnn,
510 1659 558 1712 sed
576 1658 689 1726 fimiter
708 1659 740 1712 in
762 1672 794 1712 eo
811 1660 994 1728 permanentis
1014 1656 1101 1714 Dcetrn
1117 1673 1254 1729 possemus
1281 1657 1376 1713 ludere
1403 1658 1457 1712 ie:
1495 1717 1497 1723 A
1565 1653 1566 1656 ’

390 1756 522 1824 meornn
542 1760 622 1824 utqerc
639 1756 796 1825 propitium.

471 1849 518 1925 (l.)
559 1851 623 1908 84.
663 1850 694 1906 Si
715 1851 779 1923 quis
799 1849 978 1907 timun'sliei
999 1849 1147 1908 immemor
1166 1851 1200 1907 ad
1222 1852 1324 1908 ariolos
1344 1857 1392 1914 aut
1411 1850 1451 1906 ad
1565 1883 1566 1886 =

391 1948 491 2007 ariolae
516 1963 568 2020 pro
600 1947 735 2020 aruspicis
755 1955 804 2004 aut
824 1947 1077 2021 qualibuscumque
1097 1949 1238 2021 respunsis
1259 1949 1294 2005 ab
1316 1948 1383 2019 ipsis
1403 1963 1451 2003 ac·
1565 2009 1566 2038 r

391 2045 531 2119 cipieudis
543 2045 733 2111 ambulaverit,
758 2050 900 2118 conponat
916 2045 944 2100 iu
966 2061 1046 2116 sagro
1061 2047 1164 2118 palatiu
1178 2047 1355 2103 medietatem
1364 2044 1449 2118 pretii

390 2144 434 2200 sui
454 2143 526 2200 sicut
546 2143 722 2216 adpretiatus·
736 2143 821 2199 luerit
841 2149 982 2215 umquam
1004 2143 1026 2198 si
1048 2159 1112 2199 eum
1133 2144 1234 2216 aliquis
1255 2143 1398 2212 occiderit,
1420 2149 1452 2198 et

390 2242 509 2314 iusuper
526 2246 589 2312 agat
610 2241 793 2314 penitentiam
804 2241 1085 2298 secuudumcauonis
1096 2240 1232 2298 instituta.
1255 2241 1348 2297 Simili
1364 2241 1452 2296 modo

391 2346 420 2396 et
439 2339 545 2412 quiad
564 2339 664 2396 arbore
684 2355 770 2412 qaam
790 2339 885 2395 rustici
906 2339 1060 2396 sanctirum
1082 2345 1182 2396 vocant
1201 2346 1284 2412 atque
1305 2339 1342 2396 ad
1360 2339 1454 2394 ionia-

392 2453 442 2494 nas
462 2436 628 2506 adoraverit,
652 2443 700 2493 aut
720 2435 900 2508 sagrilsgium
920 2438 963 2492 vel
981 2436 1176 2492 incantationis
1194 2436 1300 2502 iecerit,
1323 2435 1454 2491 similiter

391 2534 585 2590 mediaetatem
606 2534 689 2605 pretii
710 2534 753 2590 sui
775 2541 917 2606 conponat
936 2533 966 2591 in
987 2543 1069 2604 sagro
1088 2535 1202 2606 palatio:
1223 2534 1298 2590 Etsi
1320 2533 1452 2606 quicum-

393 2647 449 2705 que
469 2631 560 2688 sciens
582 2632 702 2687 ariolum
729 2637 779 2686 aut
805 2631 939 2700 ariolum,
969 2647 1026 2687 nou
1053 2647 1101 2688 eos
1130 2632 1370 2699 mendosiorem,
1401 2637 1454 2687 aut
1565 2605 1566 2666 ἶ

391 2729 455 2785 illos
475 2729 606 2785 celaverit
625 2728 675 2801 qui
695 2729 735 2784 ad¹
751 2728 828 2800 ipsos
848 2728 950 2785 vadent
969 2737 997 2785 et
1017 2745 1075 2785 non
1097 2729 1329 2794 maneiestaverit,
1353 2743 1454 2800 supra-
1565 2769 1566 2808 ἶ

392 2825 511 2898 scriptae
532 2841 623 2898 poene
645 2825 795 2898 subjaceat.
826 2824 882 2894 Qui
904 2823 998 2885 aulem
1019 2843 1127 2883 servum
1149 2841 1231 2884 suum
1252 2833 1300 2882 aut
1320 2826 1452 2882 eccillam

392 2920 428 2981 ad
449 2923 525 2996 ipsos
545 2923 650 2980 ariolus
679 2929 727 2980 aut
755 2922 855 2980 ariolus
876 2923 1061 2981 transmiserit
1085 2925 1120 2980 ad
1145 2924 1238 2997 aliqua
1259 2939 1393 2996 respousa
1412 2923 1453 2978 ab

393 3020 433 3078 eis
445 3020 619 3093 recipiendo,
642 3027 671 3078 et
688 3003 833 3094 provatum
849 3021 943 3091 luerit,
966 3021 1282 3094 suprascriptapoenam
1297 3027 1452 3093 conponat.

396 3119 425 3175 Si
447 3135 513 3176 vero
535 3134 630 3174 servus
651 3125 699 3174 aut
718 3118 819 3175 ancillo
839 3117 899 3174 siue
916 3120 1055 3174 vuluntate
1073 3117 1253 3174 dominorum
1272 3129 1398 3185 snorum,
1422 3124 1455 3172 et
1565 3143 1566 3176 2

393 3223 502 3276 uatum
523 3235 557 3274 ex
578 3233 629 3274 sua
649 3217 859 3286 auctoritatem,
890 3218 925 3274 ad
952 3217 1072 3274 ariolum
1102 3224 1149 3274 aut
1179 3217 1295 3273 ariolum
1327 3215 1455 3272 ambola—
1565 3229 1566 3244 t

394 3315 465 3372 verit
484 3314 612 3371 similiter
632 3315 667 3370 ad
685 3315 776 3387 aliqua
794 3325 926 3386 responsa
935 3295 1108 3387 accipienda,
1131 3322 1197 3371 tunc
1209 3315 1456 3370 aomiooseorm
1565 3333 1566 3340 ¹

394 3413 557 3470 veuurvdare
578 3428 626 3468 eus
648 3411 765 3468 deveant
785 3411 852 3468 iuris
873 3412 1032 3483 provinciae
1056 3419 1083 3468 et
1104 3412 1126 3470 si
1146 3408 1300 3483 neglexerit
1317 3411 1456 3467 dominam
1565 3487 1566 3492 η

395 3525 494 3567 eorum
514 3510 569 3566 hoc
589 3510 690 3578 iacere,
713 3510 914 3582 suprascriptae
935 3526 1027 3582 poene
1049 3510 1196 3581 subjaceat
1406 3568 1408 3580 ,
1565 3553 1566 3590 q

383 3629 385 3636 ’
475 3602 537 3681 (ll.)
572 3607 634 3665 Sd.
666 3606 695 3662 Si
725 3607 788 3680 quis
805 3607 894 3694 judex
919 3615 967 3664 aut
987 3607 1128 3665 sculdahis
1154 3613 1237 3681 atque
1257 3604 1385 3662 saliarius
1406 3605 1454 3661 vel
1565 3591 1566 3612 ¹

396 3706 521 3778 daganus
546 3705 581 3763 de
612 3707 676 3762 loco
698 3701 746 3761 ubi
768 3705 848 3762 arioli
870 3711 918 3761 aut
947 3705 1048 3763 arieles
1070 3705 1153 3763 luerit
1174 3703 1327 3778 neglexerit
1346 3703 1452 3758 amodo
1565 3689 1566 3758 Ϊ

396 3805 426 3861 iu
448 3810 502 3861 tres
523 3803 627 3860 mensis
648 3819 696 3860 eus
717 3802 864 3876 exquirere
885 3811 913 3860 et
932 3803 1077 3875 iuvenire,
1106 3810 1134 3860 et
1160 3819 1210 3875 per
1230 3802 1299 3859 alios
1320 3799 1454 3857 homines

396 3902 501 3960 inventi
522 3902 640 3971 luerent,
663 3906 731 3956 tunc
752 3903 895 3973 conponat
910 3901 1048 3973 unusquis
1070 3902 1104 3957 de
1125 3901 1311 3956 locumsuum
1328 3898 1455 3956 mediae-
1565 3979 1566 3982 Ἴ

396 4007 481 4057 tatem
501 3999 599 4073 praetii
619 3996 674 4068 sui,
698 3997 770 4054 sicut
789 4009 873 4070 supra
894 3995 1006 4069 legitur.
1036 3999 1073 4055 Et
1094 3999 1119 4054 si·
1133 3999 1345 4055 maueiestatum
1366 3995 1456 4051 luerit

397 4098 474 4171 quod
495 4097 563 4153 sciat
579 4095 666 4168 judex
687 4101 736 4152 aut
748 4095 889 4153 sculdahis
909 4097 955 4152 vel
974 4097 1101 4154 saltarios
1121 4103 1170 4153 aut
1186 4097 1310 4167 degamus
1327 4093 1375 4150 ubi
1394 4093 1454 4166 ipsi
1565 4105 1566 4170 ]

397 4196 478 4254 arioli
498 4201 547 4252 aut
566 4195 666 4252 ariolae
687 4201 762 4264 sunt,
786 4200 813 4250 et
833 4211 882 4251 eos
904 4211 963 4252 uon
983 4194 1220 4263 condemnaverit,
1242 4201 1292 4251 aut
1311 4192 1454 4268 premiu'm

397 4293 502 4364 tulerit,
525 4292 672 4366 autquasi
693 4308 777 4350 causa
798 4291 925 4365 piaetatis
945 4294 988 4349 vel
1010 4309 1060 4366 pro
1075 4293 1274 4366 qualicumque
1296 4291 1380 4363 genio
1401 4307 1456 4348 eus
1565 4299 1566 4302 ’

398 4391 558 4460 obsolserit‚
588 4397 655 4448 tuuc
675 4391 785 4462 integro
807 4390 925 4464 wirigild
947 4407 1000 4448 suo
1021 4391 1050 4447 in
1072 4407 1152 4462 sagro
1174 4389 1275 4464 palatio
1297 4395 1453 4461 conponat.

398 4491 468 4548 Nam
488 4489 582 4564 siper
598 4489 715 4562 judicim
735 4488 862 4566 inquisiti
882 4496 931 4546 aut
950 4488 1055 4546 inventi
1077 4489 1188 4546 fuerent
1207 4487 1268 4544 sine
1289 4486 1394 4544 modilia
1415 4486 1454 4542 de
