3172 5228
478 523 615 572 sotem
637 521 705 571 ΕΔΒ.
722 520 812 565 1-8-

316 691 318 698 ·
384 651 387 661 '
436 676 564 730 sucum
583 676 627 728 oa
646 673 741 727 suno
760 641 898 739 casuro.
968 713 971 721 ,

391 798 523 869 (Kalendis
550 802 657 862 merlus,
688 814 755 852 snao
782 797 945 867 accxwl.)

422 921 425 924 ’
452 891 645 1006 rosanus
666 941 886 1007 susannam.

221 1087 280 1160 Epo
300 1090 332 1143 in
350 1087 404 1144 Dei
423 1089 610 1164 omnipotentis
630 1088 739 1142 nomine
759 1086 958 1158 liutprand
979 1087 1201 1147 eacemndssimus

142 1202 192 1242 rea
211 1188 296 1257 pentis
315 1187 484 1254 felicissimae
504 1202 536 1240 ae
557 1186 701 1241 catholicas
714 1182 823 1254 Deoque
839 1186 932 1240 dilecte
944 1183 1196 1256 immolandorum,

137 1285 300 1354 reminiscor
319 1285 457 1355 quoniam,
480 1285 548 1338 sicut
562 1284 687 1353 superius*
700 1299 718 1336 a
732 1282 809 1337 nolis
820 1284 926 1353 popina
946 1284 1043 1354 lepitur
1062 1286 1197 1353 institute,

142 1398 216 1437 anno
245 1383 343 1437 scilicet
369 1383 447 1452 mani
464 1383 554 1436 nostri
577 1383 678 1452 primo,
712 1381 861 1436 indictione
881 1383 1042 1450 undecima,
1075 1400 1107 1438 ea
1132 1400 1200 1454 quae

141 1481 219 1534 nolis
238 1481 388 1549 nostrisque
403 1479 542 1549 iudicibus
569 1486 592 1534 et
612 1479 725 1549 reliquis
745 1477 934 1550 lanpolardis
954 1480 1083 1548 sodalibus
1102 1484 1201 1537 nostris

142 1577 175 1632 ol
196 1575 248 1632 Dei
266 1579 360 1633 timore
379 1583 460 1647 atque
479 1593 571 1632 amore
590 1586 664 1633 recta
683 1584 898 1647 comparuerunt,
931 1580 962 1633 in
993 1580 1083 1635 antico
1108 1579 1202 1636 Edisti

142 1663 252 1745 corpore
271 1683 342 1731 reeta
370 1677 477 1731 adicere
497 1677 650 1731 oneravimus
675 1677 868 1731 moderamine.
911 1673 991 1732 Nunc
1010 1677 1126 1743 iterum,
1150 1695 1201 1736 an·

142 1781 239 1828 essenis
261 1771 314 1828 Ilei
334 1767 522 1844 omnipotentis
537 1775 734 1840 misericordia,
758 1776 821 1831 diae
836 1775 1011 1830 celenderum
1026 1776 1199 1847 martiarum,

142 1887 215 1927 anno
235 1873 313 1942 requi
333 1873 430 1941 nostri,
453 1854 510 1927 Deo
528 1872 663 1942 propitio,
688 1874 798 1940 quinto,
820 1873 969 1928 indictione
988 1875 1199 1943 quintadecima,

140 1971 224 2025 simili
252 1972 332 2024 modo
360 1987 420 2026 cum
441 1971 563 2026 omnibus
578 1970 717 2041 judicibus
743 1972 843 2026 nostris
873 1973 905 2026 de
930 1973 1055 2041 partibus
1074 1969 1206 2028 Amisiae

142 2077 166 2124 et
186 2059 327 2124 Neustriae
347 2085 395 2124 neo
415 2086 470 2124 non
491 2078 515 2125 et
535 2070 568 2124 de
590 2067 702 2125 Tusciae
716 2070 824 2138 tinibus,
847 2086 893 2125 seu
913 2072 1005 2125 ceteris
1017 2072 1116 2126 nostris
1126 2069 1202 2127 lan-

142 2167 286 2237 pobardis‚
310 2167 398 2222 adhue
415 2168 585 2237 provideram
606 2169 741 2238 odouacro
761 2167 811 2222 illo
834 2184 885 2237 que
904 2165 962 2222 Deo
983 2170 1116 2226 credimus
1139 2170 1202 2239 pla·

142 2266 197 2320 cita
222 2281 293 2320 csse:
322 2271 351 2320 ut
382 2267 413 2320 in
432 2265 523 2320 multis
543 2266 631 2320 causis
659 2272 683 2320 el
709 2266 774 2320 locis
801 2267 981 2335 proibeantur
1006 2267 1147 2338 perjuria,
1179 2274 1203 2323 et
1251 2287 1255 2300 ·

142 2379 239 2432 cause,
271 2379 339 2433 puae
366 2380 384 2420 a
410 2363 574 2434 quibusquae
601 2363 753 2428 hominibus
772 2365 984 2419 misericorditer
1010 2365 1199 2440 disponuntur,

140 2462 172 2514 in
189 2461 292 2530 peccari
311 2458 396 2516 ianm
416 2462 538 2532 deinceps
552 2477 723 2531 nequaquam
737 2463 903 2530 procedant‚·
929 2470 953 2516 et
972 2463 1032 2518 illut
1053 2465 1125 2533 quod
1144 2463 1202 2530 tor·

141 2558 215 2613 sitan
235 2564 316 2614 antea
331 2557 474 2614 uideuatur
494 2559 615 2627 obscuro,
637 2575 710 2615 nunc
727 2560 849 2615 omuibus
870 2559 926 2615 luce
946 2559 1046 2617 clarius
1057 2563 1201 2616 aulierat.-

139 2658 258 2727 primum
279 2657 399 2713 omnium
501 2631 502 2646 ἵ
1171 2655 1173 2661 '

224 2749 263 2824 (ls
281 2751 323 2808 De
342 2755 500 2824 morpincap
518 2750 685 2826 mulierum.)
715 2753 748 2810 1.
775 2751 805 2808 Si
827 2752 890 2826 quis
910 2753 1112 2825 Langobardos
1128 2772 1203 2812 mor-

142 2849 243 2922 gincap
265 2850 377 2922 conjogi
398 2866 463 2906 susc
485 2851 551 2906 dare
572 2849 690 2906 voluerit
710 2850 824 2922 quando
854 2868 915 2907 eam
937 2851 990 2908 sibi
1017 2852 1047 2909 in
1068 2853 1200 2927 conjugio

143 2947 309 3017 sociaverit,
333 2948 370 3004 ita
392 2947 576 3016 dicernimus,
606 2947 710 3003 utalia
732 2947 793 3004 diae'
815 2956 878 3004 ante
900 2955 1029 3021 parentes
1050 2957 1077 3006 et
1097 2950 1201 3007 amicos

141 3049 208 3100 suos
230 3045 357 3102 ostendat
370 3061 427 3120 per
447 3045 579 3118 scriptum
600 3061 616 3102 s
637 3045 751 3102 testibus
772 3052 947 3112 rovoretum,
977 3054 1004 3103 et
1025 3047 1112 3111 diest,
1136 3047 1200 3120 qaia

141 3143 211 3199 Ecce
230 3147 302 3214 quod
322 3145 431 3216 conjuai
450 3161 524 3200 meae
543 3146 701 3215 morpincap
721 3146 799 3209 dedi,·
831 3150 862 3200 ul
891 3143 921 3200 ia
951 3143 1042 3200 futuro
1071 3159 1121 3214 pro
1149 3145 1200 3202 heo

142 3258 224 3298 causo
241 3241 368 3314 ,perjurio
391 3258 449 3297 non
472 3247 621 3314 percurrat.
659 3242 753 3313 Ipsum
774 3246 866 3298 autem
887 3241 1051 3315 morgincop
1073 3243 1201 3300 nolumus

141 3347 172 3396 ut
192 3339 310 3411 amplius
331 3339 384 3410 sit,
417 3339 469 3396 nisi
504 3345 600 3412 quarta
632 3355 694 3411 pars
716 3339 750 3396 de
780 3339 839 3412 ejus
859 3340 1012 3398 substantia
1038 3340 1086 3414 qui
1108 3340 1199 3414 ipsum

141 3437 306 3511 morgincep
327 3437 400 3498 iecit.
422 3437 453 3495 Si
474 3439 536 3510 quis
548 3437 639 3495 minus
654 3437 772 3494 voluerit
792 3439 859 3495 dare
871 3439 907 3495 de
922 3440 1006 3498 rebus
1024 3441 1091 3508 suis,
1115 3456 1200 3513 quam

142 3535 202 3608 ipso
224 3542 319 3609 quarta
340 3534 432 3609 porlio
453 3533 499 3605 sit,
523 3536 623 3592 habeat
643 3535 672 3591 in
695 3535 825 3593 omnibus
844 3536 986 3594 licentiam
1006 3537 1091 3595 dandi
1113 3555 1202 3611 quom

142 3638 202 3688 tum
224 3633 361 3699 voluerim
395 3649 459 3692 num
481 3649 564 3705 super
583 3632 672 3706 ipsum
694 3639 821 3706 quartam
842 3635 1002 3707 portionem
1023 3637 1089 3693 dare
1110 3638 1200 3694 nullo·

144 3736 228 3786 tenus
247 3729 343 3802 possit.

222 3825 270 3902 (ΙΙ.
293 3827 335 3884 De
360 3825 492 3900 testibus.)
537 3828 573 3886 8.
604 3825 633 3884 Si
660 3829 870 3903 qualiscumque
901 3845 983 3888 causa
1007 3829 1081 3887 inter
1110 3831 1198 3887 conli-

143 3925 238 3982 bertus
259 3933 306 3982 aut
325 3926 447 3998 parentis
470 3925 632 3983 convenerit
652 3933 699 3984 sul
720 3933 780 3984 scta
801 3927 902 3997 suerit,
933 3936 962 3985 ct
982 3918 1109 3984 hominc's
1130 3919 1198 3987 boni

143 4031 199 4081 tres
218 4031 265 4081 aut
285 4030 416 4097 quattuor
435 4023 627 4095 interfuerenl,
651 4042 710 4083 non
725 4030 889 4097 reprovetur
908 4033 1004 4097 postea
1024 4025 1083 4098 ipsa
1103 4042 1196 4096 caasa,

141 4121 196 4177 nisi
225 4138 322 4178 eorum
352 4121 510 4180 testimonio
539 4123 619 4180 ambe
648 4129 740 4195 partes
767 4122 882 4179 credant
908 4123 956 4196 qui
986 4123 1095 4179 luerent
1114 4123 1197 4184 inter.

141 4219 198 4274 Pro
219 4218 296 4292 cujus
315 4225 407 4276 aulem
428 4236 509 4278 ceusu
530 4220 606 4277 tostis
636 4221 676 4277 illi
703 4219 893 4278 testimonium
913 4219 1106 4291 reddiderint,
1137 4222 1197 4295 ipso

142 4317 227 4373 homo
248 4315 385 4374 c'susatori
405 4332 457 4372 suo
479 4335 530 4390 per
551 4325 754 4374 sacramentum
775 4316 933 4375 satisfaciet.
956 4317 1046 4375 Testis
1062 4335 1127 4375 vero
1144 4318 1197 4393 ipsi

144 4417 212 4471 tales
232 4415 298 4484 sint,
322 4430 441 4487 quorum
463 4415 559 4487 opinio
580 4415 609 4471 ia
630 4415 712 4472 bonis
732 4416 867 4489 precellat
885 4415 1027 4492 operibus,
1050 4422 1078 4474 el
1098 4416 1199 4489 quibus

144 4513 214 4568 tides
235 4512 379 4584 omittitur,
403 4511 445 4569 rel
467 4511 567 4585 quibus
579 4511 707 4588 princeps
727 4520 774 4572 aut
794 4513 853 4588 eius
870 4512 980 4588 judices
1001 4514 1113 4572 erodere
1134 4527 1198 4588 pos·
