<?xml version="1.0" encoding="UTF-8"?>
<!DOCTYPE html PUBLIC "-//W3C//DTD XHTML 1.0 Transitional//EN"
    "http://www.w3.org/TR/xhtml1/DTD/xhtml1-transitional.dtd">
<html xmlns="http://www.w3.org/1999/xhtml" xml:lang="en" lang="en">
 <head>
  <title>
</title>
<meta http-equiv="Content-Type" content="text/html;charset=utf-8" />
  <meta name='ocr-system' content='tesseract 3.04.00' />
  <meta name='ocr-capabilities' content='ocr_page ocr_carea ocr_par ocr_line ocrx_word'/>
</head>
<body>
  <div class='ocr_page' id='page_1' title='image "./edictaregumlang01neiggoog_0159.png"; bbox 0 0 3170 5218; ppageno 0'>
   <div class='ocr_carea' id='block_1_1' title="bbox 926 676 958 740">
    <p class='ocr_par' dir='ltr' id='par_1_1' title="bbox 926 676 958 740">
     <span class='ocr_line' id='line_1_1' title="bbox 926 676 958 740; baseline 0 0"><span class='ocrx_word' id='word_1_1' title='bbox 926 676 958 740; x_wconf 84' lang='lat' dir='ltr'>ll</span> 
     </span>
    </p>
   </div>
   <div class='ocr_carea' id='block_1_2' title="bbox 614 843 1270 1334">
    <p class='ocr_par' dir='ltr' id='par_1_2' title="bbox 743 843 1145 988">
     <span class='ocr_line' id='line_1_2' title="bbox 743 843 1145 988; baseline -0.002 -37"><span class='ocrx_word' id='word_1_2' title='bbox 743 843 926 952; x_wconf 86' lang='lat' dir='ltr'>lloroli</span> <span class='ocrx_word' id='word_1_3' title='bbox 962 843 1145 988; x_wconf 82' lang='lat' dir='ltr'>Magni</span> 
     </span>
    </p>

    <p class='ocr_par' dir='ltr' id='par_1_3' title="bbox 614 1017 1270 1252">
     <span class='ocr_line' id='line_1_3' title="bbox 614 1017 1270 1104; baseline -0.005 -19"><span class='ocrx_word' id='word_1_4' title='bbox 614 1017 804 1086; x_wconf 83' lang='lat' dir='ltr'>Francorum</span> <span class='ocrx_word' id='word_1_5' title='bbox 827 1028 858 1084; x_wconf 86' lang='lat' dir='ltr'>el</span> <span class='ocrx_word' id='word_1_6' title='bbox 880 1021 1155 1104; x_wconf 81' lang='lat' dir='ltr'>Langobardorum</span> <span class='ocrx_word' id='word_1_7' title='bbox 1178 1021 1270 1103; x_wconf 78' lang='lat' dir='ltr'>Regis</span> 
     </span>
     <span class='ocr_line' id='line_1_4' title="bbox 841 1141 1051 1252; baseline -0.005 -25"><span class='ocrx_word' id='word_1_8' title='bbox 841 1141 1051 1252; x_wconf 71' lang='lat' dir='ltr'>capitulare,</span> 
     </span>
    </p>

    <p class='ocr_par' dir='ltr' id='par_1_4' title="bbox 622 1269 1265 1334">
     <span class='ocr_line' id='line_1_5' title="bbox 622 1269 1265 1334; baseline -0.002 -9"><span class='ocrx_word' id='word_1_9' title='bbox 622 1273 743 1325; x_wconf 86' lang='lat' dir='ltr'>ecodlcc</span> <span class='ocrx_word' id='word_1_10' title='bbox 762 1271 930 1334; x_wconf 87' lang='lat' dir='ltr'>llporedlensl</span> <span class='ocrx_word' id='word_1_11' title='bbox 952 1269 1088 1330; x_wconf 74' lang='lat' dir='ltr'>millu,</span> <span class='ocrx_word' id='word_1_12' title='bbox 1108 1271 1153 1322; x_wconf 86' lang='lat' dir='ltr'>ror.</span> <span class='ocrx_word' id='word_1_13' title='bbox 1173 1271 1217 1331; x_wconf 66' lang='grc' dir='ltr'>Μ,</span> <span class='ocrx_word' id='word_1_14' title='bbox 1238 1270 1265 1324; x_wconf 82' lang='lat' dir='ltr'>lr.</span> 
     </span>
    </p>
   </div>
   <div class='ocr_carea' id='block_1_3' title="bbox 866 1413 1024 1424">
    <p class='ocr_par' dir='ltr' id='par_1_5' title="bbox 866 1413 1024 1424">
     <span class='ocr_line' id='line_1_6' title="bbox 866 1413 1024 1424; baseline 0.013 -2"><span class='ocrx_word' id='word_1_15' title='bbox 866 1413 1024 1424; x_wconf 67' lang='grc' dir='ltr'>...ιι-ιιι-</span> 
     </span>
    </p>
   </div>
   <div class='ocr_carea' id='block_1_4' title="bbox 785 1469 1166 1602">
    <p class='ocr_par' dir='ltr' id='par_1_6' title="bbox 785 1469 1166 1602">
     <span class='ocr_line' id='line_1_7' title="bbox 785 1469 1166 1602; baseline -0.005 -10"><span class='ocrx_word' id='word_1_16' title='bbox 785 1469 799 1484; x_wconf 93' lang='lat'>··</span> <span class='ocrx_word' id='word_1_17' title='bbox 830 1527 1057 1595; x_wconf 74' lang='lat' dir='ltr'>situllltum.</span> <span class='ocrx_word' id='word_1_18' title='bbox 1163 1592 1166 1602; x_wconf 64' lang='grc'><strong>,</strong></span> 
     </span>
    </p>
   </div>
   <div class='ocr_carea' id='block_1_5' title="bbox 890 1654 1002 1713">
    <p class='ocr_par' dir='ltr' id='par_1_7' title="bbox 890 1654 1002 1713">
     <span class='ocr_line' id='line_1_8' title="bbox 890 1654 1002 1713; baseline -0.018 -1"><span class='ocrx_word' id='word_1_19' title='bbox 890 1654 955 1713; x_wconf 79' lang='lat' dir='ltr'>Car.</span> <span class='ocrx_word' id='word_1_20' title='bbox 979 1654 1002 1711; x_wconf 91' lang='lat' dir='ltr'>l.</span> 
     </span>
    </p>
   </div>
   <div class='ocr_carea' id='block_1_6' title="bbox 415 1768 1473 1945">
    <p class='ocr_par' dir='ltr' id='par_1_8' title="bbox 415 1768 1473 1945">
     <span class='ocr_line' id='line_1_9' title="bbox 494 1768 1473 1844; baseline -0.008 -14"><span class='ocrx_word' id='word_1_21' title='bbox 494 1773 595 1844; x_wconf 85' lang='lat' dir='ltr'>Quod,</span> <span class='ocrx_word' id='word_1_22' title='bbox 618 1773 677 1828; x_wconf 85' lang='lat' dir='ltr'>lleo</span> <span class='ocrx_word' id='word_1_23' title='bbox 698 1771 864 1839; x_wconf 80' lang='lat' dir='ltr'>miserante,</span> <span class='ocrx_word' id='word_1_24' title='bbox 894 1769 945 1838; x_wconf 85' lang='lat' dir='ltr'>lilii</span> <span class='ocrx_word' id='word_1_25' title='bbox 967 1769 1056 1825; x_wconf 90' lang='lat' dir='ltr'>nostri</span> <span class='ocrx_word' id='word_1_26' title='bbox 1076 1775 1177 1826; x_wconf 87' lang='lat' dir='ltr'>etatem</span> <span class='ocrx_word' id='word_1_27' title='bbox 1199 1768 1321 1836; x_wconf 85' lang='lat' dir='ltr'>habent,</span> <span class='ocrx_word' id='word_1_28' title='bbox 1353 1773 1400 1834; x_wconf 83' lang='lat' dir='ltr'>et,</span> <span class='ocrx_word' id='word_1_29' title='bbox 1424 1784 1473 1823; x_wconf 87' lang='lat' dir='ltr'>ex·</span> 
     </span>
     <span class='ocr_line' id='line_1_10' title="bbox 415 1866 1472 1945; baseline -0.008 -16"><span class='ocrx_word' id='word_1_30' title='bbox 415 1877 495 1945; x_wconf 90' lang='lat' dir='ltr'>cepto</span> <span class='ocrx_word' id='word_1_31' title='bbox 515 1877 628 1944; x_wconf 85' lang='lat' dir='ltr'>paterna</span> <span class='ocrx_word' id='word_1_32' title='bbox 651 1869 854 1932; x_wconf 76' lang='lat' dir='ltr'><strong>consolatione,</strong></span> <span class='ocrx_word' id='word_1_33' title='bbox 878 1882 928 1938; x_wconf 90' lang='lat' dir='ltr'>per</span> <span class='ocrx_word' id='word_1_34' title='bbox 949 1883 977 1923; x_wconf 88' lang='lat' dir='ltr'>se</span> <span class='ocrx_word' id='word_1_35' title='bbox 1000 1868 1099 1924; x_wconf 87' lang='lat' dir='ltr'>ceteris</span> <span class='ocrx_word' id='word_1_36' title='bbox 1119 1866 1280 1924; x_wconf 84' lang='lat' dir='ltr'>homiuibus</span> <span class='ocrx_word' id='word_1_37' title='bbox 1300 1866 1472 1939; x_wconf 85' lang='lat' dir='ltr'>praecellere</span> 
     </span>
    </p>
   </div>
   <div class='ocr_carea' id='block_1_7' title="bbox 414 1971 959 2100">
    <p class='ocr_par' dir='ltr' id='par_1_9' title="bbox 414 1971 959 2100">
     <span class='ocr_line' id='line_1_11' title="bbox 414 1971 526 2028; baseline 0.018 -2"><span class='ocrx_word' id='word_1_38' title='bbox 414 1971 526 2028; x_wconf 88' lang='lat' dir='ltr'>debent.</span> 
     </span>
     <span class='ocr_line' id='line_1_12' title="bbox 923 2044 959 2100; baseline -0.083 0"><span class='ocrx_word' id='word_1_39' title='bbox 923 2044 959 2100; x_wconf 95' lang='lat' dir='ltr'>ll.</span> 
     </span>
    </p>
   </div>
   <div class='ocr_carea' id='block_1_8' title="bbox 490 2141 1472 2215">
    <p class='ocr_par' dir='ltr' id='par_1_10' title="bbox 490 2141 1472 2215">
     <span class='ocr_line' id='line_1_13' title="bbox 490 2141 1472 2215; baseline -0.008 -11"><span class='ocrx_word' id='word_1_40' title='bbox 490 2148 532 2204; x_wconf 86' lang='lat' dir='ltr'>lle</span> <span class='ocrx_word' id='word_1_41' title='bbox 553 2145 739 2215; x_wconf 77' lang='lat' dir='ltr'>consiliariis,</span> <span class='ocrx_word' id='word_1_42' title='bbox 768 2150 796 2200; x_wconf 88' lang='lat' dir='ltr'>et</span> <span class='ocrx_word' id='word_1_43' title='bbox 816 2152 846 2200; x_wconf 87' lang='lat' dir='ltr'>ut</span> <span class='ocrx_word' id='word_1_44' title='bbox 868 2143 909 2200; x_wconf 92' lang='lat' dir='ltr'>illi</span> <span class='ocrx_word' id='word_1_45' title='bbox 930 2158 1040 2215; x_wconf 87' lang='lat' dir='ltr'>semper</span> <span class='ocrx_word' id='word_1_46' title='bbox 1061 2141 1228 2210; x_wconf 77' lang='lat' dir='ltr'>audiantur,</span> <span class='ocrx_word' id='word_1_47' title='bbox 1256 2142 1322 2214; x_wconf 85' lang='lat' dir='ltr'>quia</span> <span class='ocrx_word' id='word_1_48' title='bbox 1344 2141 1380 2198; x_wconf 89' lang='lat' dir='ltr'>ad</span> <span class='ocrx_word' id='word_1_49' title='bbox 1402 2157 1472 2214; x_wconf 92' lang='lat' dir='ltr'>pro-</span> 
     </span>
    </p>
   </div>
   <div class='ocr_carea' id='block_1_9' title="bbox 288 2239 1471 2314">
    <p class='ocr_par' dir='ltr' id='par_1_11' title="bbox 288 2239 1471 2314">
     <span class='ocr_line' id='line_1_14' title="bbox 288 2239 1471 2314; baseline -0.005 -12"><span class='ocrx_word' id='word_1_50' title='bbox 288 2279 293 2292; x_wconf 81' lang='lat'>·</span> <span class='ocrx_word' id='word_1_51' title='bbox 412 2247 514 2303; x_wconf 87' lang='lat' dir='ltr'>lactum</span> <span class='ocrx_word' id='word_1_52' title='bbox 536 2251 564 2300; x_wconf 89' lang='lat' dir='ltr'>et</span> <span class='ocrx_word' id='word_1_53' title='bbox 584 2243 733 2300; x_wconf 87' lang='lat' dir='ltr'>utilitatem</span> <span class='ocrx_word' id='word_1_54' title='bbox 744 2257 921 2299; x_wconf 87' lang='lat' dir='ltr'>communem</span> <span class='ocrx_word' id='word_1_55' title='bbox 943 2240 1059 2296; x_wconf 89' lang='lat' dir='ltr'>consilia</span> <span class='ocrx_word' id='word_1_56' title='bbox 1080 2256 1129 2296; x_wconf 86' lang='lat' dir='ltr'>sua</span> <span class='ocrx_word' id='word_1_57' title='bbox 1147 2239 1310 2311; x_wconf 78' lang='lat' dir='ltr'>proferunt3</span> <span class='ocrx_word' id='word_1_58' title='bbox 1333 2240 1471 2314; x_wconf 80' lang='lat' dir='ltr'>quivero</span> 
     </span>
    </p>
   </div>
   <div class='ocr_carea' id='block_1_10' title="bbox 412 2337 1473 2501">
    <p class='ocr_par' dir='ltr' id='par_1_12' title="bbox 412 2337 1473 2501">
     <span class='ocr_line' id='line_1_15' title="bbox 412 2337 1473 2417; baseline -0.007 -16"><span class='ocrx_word' id='word_1_59' title='bbox 412 2344 447 2401; x_wconf 86' lang='lat' dir='ltr'>de</span> <span class='ocrx_word' id='word_1_60' title='bbox 467 2342 588 2417; x_wconf 88' lang='lat' dir='ltr'>propriis</span> <span class='ocrx_word' id='word_1_61' title='bbox 609 2341 701 2413; x_wconf 87' lang='lat' dir='ltr'>potius</span> <span class='ocrx_word' id='word_1_62' title='bbox 722 2357 805 2413; x_wconf 64' lang='lat' dir='ltr'>marn</span> <span class='ocrx_word' id='word_1_63' title='bbox 835 2339 870 2394; x_wconf 89' lang='lat' dir='ltr'>de</span> <span class='ocrx_word' id='word_1_64' title='bbox 892 2338 1047 2395; x_wconf 86' lang='lat' dir='ltr'>communis</span> <span class='ocrx_word' id='word_1_65' title='bbox 1078 2337 1256 2396; x_wconf 86' lang='lat' dir='ltr'>considerare</span> <span class='ocrx_word' id='word_1_66' title='bbox 1276 2339 1383 2409; x_wconf 78' lang='lat' dir='ltr'>solent,</span> <span class='ocrx_word' id='word_1_67' title='bbox 1415 2337 1473 2395; x_wconf 91' lang='lat' dir='ltr'>rei·</span> 
     </span>
     <span class='ocr_line' id='line_1_16' title="bbox 412 2438 914 2501; baseline -0.008 -2"><span class='ocrx_word' id='word_1_68' title='bbox 412 2443 521 2501; x_wconf 92' lang='lat' dir='ltr'>ciantur</span> <span class='ocrx_word' id='word_1_69' title='bbox 542 2441 577 2498; x_wconf 83' lang='lat' dir='ltr'>de</span> <span class='ocrx_word' id='word_1_70' title='bbox 598 2441 661 2496; x_wconf 90' lang='lat' dir='ltr'>loco</span> <span class='ocrx_word' id='word_1_71' title='bbox 684 2438 914 2496; x_wconf 86' lang='lat' dir='ltr'>consilialiorum.</span> 
     </span>
    </p>
   </div>
   <div class='ocr_carea' id='block_1_11' title="bbox 490 2551 1580 2724">
    <p class='ocr_par' dir='ltr' id='par_1_13' title="bbox 490 2551 1580 2724">
     <span class='ocr_line' id='line_1_17' title="bbox 912 2551 962 2609; baseline 0 -1"><span class='ocrx_word' id='word_1_72' title='bbox 912 2551 962 2609; x_wconf 88' lang='grc' dir='ltr'><strong>ΙΙΙ.</strong></span> 
     </span>
     <span class='ocr_line' id='line_1_18' title="bbox 490 2609 1580 2724; baseline -0.005 -15"><span class='ocrx_word' id='word_1_73' title='bbox 490 2651 640 2722; x_wconf 87' lang='lat' dir='ltr'><strong>Quomodo</strong></span> <span class='ocrx_word' id='word_1_74' title='bbox 671 2667 782 2708; x_wconf 82' lang='lat' dir='ltr'>causam</span> <span class='ocrx_word' id='word_1_75' title='bbox 813 2651 968 2708; x_wconf 85' lang='lat' dir='ltr'>confinales</span> <span class='ocrx_word' id='word_1_76' title='bbox 998 2609 1098 2707; x_wconf 22' lang='lat' dir='ltr'>nostri*</span> <span class='ocrx_word' id='word_1_77' title='bbox 1124 2650 1189 2707; x_wconf 89' lang='lat' dir='ltr'>odio</span> <span class='ocrx_word' id='word_1_78' title='bbox 1220 2665 1330 2724; x_wconf 85' lang='lat' dir='ltr'>semper</span> <span class='ocrx_word' id='word_1_79' title='bbox 1361 2650 1472 2707; x_wconf 86' lang='lat' dir='ltr'>habent</span> <span class='ocrx_word' id='word_1_80' title='bbox 1579 2695 1580 2704; x_wconf 21' lang='lat' dir='ltr'>a</span> 
     </span>
    </p>
   </div>
   <div class='ocr_carea' id='block_1_12' title="bbox 410 2748 1579 2822">
    <p class='ocr_par' dir='ltr' id='par_1_14' title="bbox 410 2748 1579 2822">
     <span class='ocr_line' id='line_1_19' title="bbox 410 2748 1579 2822; baseline -0.003 -13"><span class='ocrx_word' id='word_1_81' title='bbox 410 2758 508 2809; x_wconf 89' lang='lat' dir='ltr'>eontra</span> <span class='ocrx_word' id='word_1_82' title='bbox 528 2751 611 2815; x_wconf 89' lang='lat' dir='ltr'>illos,</span> <span class='ocrx_word' id='word_1_83' title='bbox 644 2749 692 2822; x_wconf 88' lang='lat' dir='ltr'>qui</span> <span class='ocrx_word' id='word_1_84' title='bbox 713 2749 801 2822; x_wconf 88' lang='lat' dir='ltr'>parati</span> <span class='ocrx_word' id='word_1_85' title='bbox 822 2756 887 2806; x_wconf 88' lang='lat' dir='ltr'>sunt</span> <span class='ocrx_word' id='word_1_86' title='bbox 907 2749 1028 2806; x_wconf 89' lang='lat' dir='ltr'>inimicis</span> <span class='ocrx_word' id='word_1_87' title='bbox 1049 2749 1165 2806; x_wconf 86' lang='lat' dir='ltr'>insidias</span> <span class='ocrx_word' id='word_1_88' title='bbox 1184 2748 1275 2806; x_wconf 88' lang='lat' dir='ltr'>lacere</span> <span class='ocrx_word' id='word_1_89' title='bbox 1295 2755 1324 2806; x_wconf 87' lang='lat' dir='ltr'>et</span> <span class='ocrx_word' id='word_1_90' title='bbox 1344 2765 1471 2807; x_wconf 88' lang='lat' dir='ltr'>marcam</span> <span class='ocrx_word' id='word_1_91' title='bbox 1578 2799 1579 2811; x_wconf 70' lang='grc'>,</span> 
     </span>
    </p>
   </div>
   <div class='ocr_carea' id='block_1_13' title="bbox 411 2848 969 2988">
    <p class='ocr_par' dir='ltr' id='par_1_15' title="bbox 411 2848 969 2988">
     <span class='ocr_line' id='line_1_20' title="bbox 411 2848 699 2921; baseline -0.003 -14"><span class='ocrx_word' id='word_1_92' title='bbox 411 2857 535 2908; x_wconf 87' lang='lat' dir='ltr'>nostram</span> <span class='ocrx_word' id='word_1_93' title='bbox 555 2848 699 2921; x_wconf 86' lang='lat' dir='ltr'>ampliare.</span> 
     </span>
     <span class='ocr_line' id='line_1_21' title="bbox 906 2927 969 2988; baseline 0.063 -4"><span class='ocrx_word' id='word_1_94' title='bbox 906 2927 969 2988; x_wconf 90' lang='lat' dir='ltr'>llll.</span> 
     </span>
    </p>
   </div>
   <div class='ocr_carea' id='block_1_14' title="bbox 488 3007 1577 3099">
    <p class='ocr_par' dir='ltr' id='par_1_16' title="bbox 488 3007 1577 3099">
     <span class='ocr_line' id='line_1_22' title="bbox 488 3007 1577 3099; baseline -0.004 -15"><span class='ocrx_word' id='word_1_95' title='bbox 488 3028 530 3084; x_wconf 87' lang='lat' dir='ltr'>lle</span> <span class='ocrx_word' id='word_1_96' title='bbox 551 3024 708 3099; x_wconf 87' lang='lat' dir='ltr'>episcopis,</span> <span class='ocrx_word' id='word_1_97' title='bbox 731 3023 910 3098; x_wconf 88' lang='lat' dir='ltr'>presbiteris,</span> <span class='ocrx_word' id='word_1_98' title='bbox 931 3013 1107 3082; x_wconf 60' lang='lat' dir='ltr'>&#39;diaconibus</span> <span class='ocrx_word' id='word_1_99' title='bbox 1127 3023 1170 3080; x_wconf 86' lang='lat' dir='ltr'>rel</span> <span class='ocrx_word' id='word_1_100' title='bbox 1191 3023 1301 3081; x_wconf 84' lang='lat' dir='ltr'>clericis</span> <span class='ocrx_word' id='word_1_101' title='bbox 1321 3023 1471 3081; x_wconf 75' lang='lat' dir='ltr'>interdixit</span> <span class='ocrx_word' id='word_1_102' title='bbox 1576 3007 1577 3020; x_wconf 41' lang='lat'>¹</span> 
     </span>
    </p>
   </div>
   <div class='ocr_carea' id='block_1_15' title="bbox 408 3109 1576 3282">
    <p class='ocr_par' dir='ltr' id='par_1_17' title="bbox 408 3109 1576 3282">
     <span class='ocr_line' id='line_1_23' title="bbox 408 3109 1576 3200; baseline -0.003 -17"><span class='ocrx_word' id='word_1_103' title='bbox 408 3144 460 3200; x_wconf 89' lang='lat' dir='ltr'>per</span> <span class='ocrx_word' id='word_1_104' title='bbox 480 3125 572 3182; x_wconf 89' lang='lat' dir='ltr'>omnia</span> <span class='ocrx_word' id='word_1_105' title='bbox 590 3140 692 3195; x_wconf 78' lang='lat' dir='ltr'>magna</span> <span class='ocrx_word' id='word_1_106' title='bbox 708 3123 835 3190; x_wconf 89' lang='lat' dir='ltr'>sinodus,</span> <span class='ocrx_word' id='word_1_107' title='bbox 861 3131 891 3180; x_wconf 91' lang='lat' dir='ltr'>ut</span> <span class='ocrx_word' id='word_1_108' title='bbox 910 3124 980 3180; x_wconf 88' lang='lat' dir='ltr'>nulli</span> <span class='ocrx_word' id='word_1_109' title='bbox 996 3122 1129 3197; x_wconf 90' lang='lat' dir='ltr'>episcopo</span> <span class='ocrx_word' id='word_1_110' title='bbox 1144 3123 1185 3179; x_wconf 86' lang='lat' dir='ltr'>vel</span> <span class='ocrx_word' id='word_1_111' title='bbox 1207 3123 1362 3194; x_wconf 80' lang='lat' dir='ltr'>presbitero</span> <span class='ocrx_word' id='word_1_112' title='bbox 1383 3131 1469 3196; x_wconf 88' lang='lat' dir='ltr'>atque</span> <span class='ocrx_word' id='word_1_113' title='bbox 1575 3109 1576 3125; x_wconf 49' lang='lat'>¹</span> 
     </span>
     <span class='ocr_line' id='line_1_24' title="bbox 408 3207 1575 3282; baseline -0.003 -2"><span class='ocrx_word' id='word_1_114' title='bbox 408 3226 528 3282; x_wconf 90' lang='lat' dir='ltr'>diacono</span> <span class='ocrx_word' id='word_1_115' title='bbox 548 3223 605 3279; x_wconf 85' lang='lat' dir='ltr'>sive</span> <span class='ocrx_word' id='word_1_116' title='bbox 625 3222 728 3279; x_wconf 90' lang='lat' dir='ltr'>clerico</span> <span class='ocrx_word' id='word_1_117' title='bbox 749 3221 832 3278; x_wconf 87' lang='lat' dir='ltr'>liceat</span> <span class='ocrx_word' id='word_1_118' title='bbox 851 3220 955 3277; x_wconf 88' lang='lat' dir='ltr'>habere</span> <span class='ocrx_word' id='word_1_119' title='bbox 977 3222 1122 3277; x_wconf 90' lang='lat' dir='ltr'>mulierem</span> <span class='ocrx_word' id='word_1_120' title='bbox 1151 3219 1233 3276; x_wconf 91' lang='lat' dir='ltr'>simul</span> <span class='ocrx_word' id='word_1_121' title='bbox 1261 3237 1314 3277; x_wconf 91' lang='lat' dir='ltr'>nec</span> <span class='ocrx_word' id='word_1_122' title='bbox 1334 3220 1469 3278; x_wconf 89' lang='lat' dir='ltr'>ancillam</span> <span class='ocrx_word' id='word_1_123' title='bbox 1574 3207 1575 3231; x_wconf 24' lang='lat' dir='ltr'>d</span> 
     </span>
    </p>
   </div>
   <div class='ocr_carea' id='block_1_16' title="bbox 408 3319 1574 3393">
    <p class='ocr_par' dir='ltr' id='par_1_18' title="bbox 408 3319 1574 3393">
     <span class='ocr_line' id='line_1_25' title="bbox 408 3319 1574 3393; baseline -0.003 -15"><span class='ocrx_word' id='word_1_124' title='bbox 408 3329 455 3378; x_wconf 91' lang='lat' dir='ltr'>aut</span> <span class='ocrx_word' id='word_1_125' title='bbox 474 3321 577 3378; x_wconf 79' lang='lat' dir='ltr'>aldium</span> <span class='ocrx_word' id='word_1_126' title='bbox 598 3337 669 3393; x_wconf 88' lang='lat' dir='ltr'>quae</span> <span class='ocrx_word' id='word_1_127' title='bbox 690 3320 719 3377; x_wconf 92' lang='lat' dir='ltr'>in</span> <span class='ocrx_word' id='word_1_128' title='bbox 742 3320 876 3393; x_wconf 90' lang='lat' dir='ltr'>opinione</span> <span class='ocrx_word' id='word_1_129' title='bbox 898 3320 1029 3377; x_wconf 89' lang='lat' dir='ltr'>adulterii</span> <span class='ocrx_word' id='word_1_130' title='bbox 1049 3327 1144 3376; x_wconf 88' lang='lat' dir='ltr'>manet</span> <span class='ocrx_word' id='word_1_131' title='bbox 1164 3326 1211 3376; x_wconf 91' lang='lat' dir='ltr'>aut</span> <span class='ocrx_word' id='word_1_132' title='bbox 1230 3319 1390 3388; x_wconf 84' lang='lat' dir='ltr'>dilamatur,</span> <span class='ocrx_word' id='word_1_133' title='bbox 1413 3319 1469 3375; x_wconf 89' lang='lat' dir='ltr'>nisi</span> <span class='ocrx_word' id='word_1_134' title='bbox 1573 3321 1574 3335; x_wconf 65' lang='lat'>¹</span> 
     </span>
    </p>
   </div>
   <div class='ocr_carea' id='block_1_17' title="bbox 408 3417 1467 3491">
    <p class='ocr_par' dir='ltr' id='par_1_19' title="bbox 408 3417 1467 3491">
     <span class='ocr_line' id='line_1_26' title="bbox 408 3417 1467 3491; baseline -0.003 -16"><span class='ocrx_word' id='word_1_135' title='bbox 408 3419 478 3476; x_wconf 84' lang='lat' dir='ltr'>lorte</span> <span class='ocrx_word' id='word_1_136' title='bbox 499 3425 615 3477; x_wconf 89' lang='lat' dir='ltr'>matrem</span> <span class='ocrx_word' id='word_1_137' title='bbox 643 3426 691 3474; x_wconf 88' lang='lat' dir='ltr'>aut</span> <span class='ocrx_word' id='word_1_138' title='bbox 714 3434 840 3474; x_wconf 88' lang='lat' dir='ltr'>sororem</span> <span class='ocrx_word' id='word_1_139' title='bbox 871 3425 919 3475; x_wconf 89' lang='lat' dir='ltr'>aut</span> <span class='ocrx_word' id='word_1_140' title='bbox 945 3418 1077 3482; x_wconf 81' lang='lat' dir='ltr'>amitam3</span> <span class='ocrx_word' id='word_1_141' title='bbox 1108 3417 1190 3474; x_wconf 87' lang='lat' dir='ltr'>simul</span> <span class='ocrx_word' id='word_1_142' title='bbox 1220 3433 1273 3474; x_wconf 89' lang='lat' dir='ltr'>uec</span> <span class='ocrx_word' id='word_1_143' title='bbox 1298 3423 1328 3473; x_wconf 90' lang='lat' dir='ltr'>et</span> <span class='ocrx_word' id='word_1_144' title='bbox 1354 3417 1467 3491; x_wconf 87' lang='lat' dir='ltr'>ipsein</span> 
     </span>
    </p>
   </div>
   <div class='ocr_carea' id='block_1_18' title="bbox 407 3501 1571 3592">
    <p class='ocr_par' dir='ltr' id='par_1_20' title="bbox 407 3501 1571 3592">
     <span class='ocr_line' id='line_1_27' title="bbox 407 3501 1571 3592; baseline -0.003 -18"><span class='ocrx_word' id='word_1_145' title='bbox 407 3533 483 3574; x_wconf 86' lang='lat' dir='ltr'>casas</span> <span class='ocrx_word' id='word_1_146' title='bbox 504 3516 551 3574; x_wconf 87' lang='lat' dir='ltr'>ubi</span> <span class='ocrx_word' id='word_1_147' title='bbox 572 3515 624 3588; x_wconf 86' lang='lat' dir='ltr'>ipsi</span> <span class='ocrx_word' id='word_1_148' title='bbox 645 3523 760 3573; x_wconf 92' lang='lat' dir='ltr'>manent</span> <span class='ocrx_word' id='word_1_149' title='bbox 777 3532 836 3572; x_wconf 89' lang='lat' dir='ltr'>csse</span> <span class='ocrx_word' id='word_1_150' title='bbox 855 3532 912 3571; x_wconf 93' lang='lat' dir='ltr'>non</span> <span class='ocrx_word' id='word_1_151' title='bbox 926 3516 1062 3573; x_wconf 83' lang='lat' dir='ltr'>debeant:</span> <span class='ocrx_word' id='word_1_152' title='bbox 1086 3501 1178 3588; x_wconf 83' lang='lat' dir='ltr'>etqui</span> <span class='ocrx_word' id='word_1_153' title='bbox 1198 3515 1253 3572; x_wconf 89' lang='lat' dir='ltr'>hoo</span> <span class='ocrx_word' id='word_1_154' title='bbox 1273 3515 1364 3572; x_wconf 81' lang='lat' dir='ltr'>lacere</span> <span class='ocrx_word' id='word_1_155' title='bbox 1384 3531 1469 3572; x_wconf 85' lang='lat' dir='ltr'>ausus</span> <span class='ocrx_word' id='word_1_156' title='bbox 1570 3583 1571 3592; x_wconf 9' lang='grc' dir='ltr'>χ</span> 
     </span>
    </p>
   </div>
   <div class='ocr_carea' id='block_1_19' title="bbox 406 3613 1305 3690">
    <p class='ocr_par' dir='ltr' id='par_1_21' title="bbox 406 3613 1305 3690">
     <span class='ocr_line' id='line_1_28' title="bbox 406 3613 1305 3690; baseline 0.002 -20"><span class='ocrx_word' id='word_1_157' title='bbox 406 3614 507 3682; x_wconf 84' lang='lat' dir='ltr'>luerit,</span> <span class='ocrx_word' id='word_1_158' title='bbox 530 3616 655 3672; x_wconf 86' lang='lat' dir='ltr'>bannum</span> <span class='ocrx_word' id='word_1_159' title='bbox 676 3620 801 3690; x_wconf 85' lang='lat' dir='ltr'>nostmm</span> <span class='ocrx_word' id='word_1_160' title='bbox 822 3613 857 3670; x_wconf 90' lang='lat' dir='ltr'>ad</span> <span class='ocrx_word' id='word_1_161' title='bbox 878 3620 987 3686; x_wconf 84' lang='lat' dir='ltr'>partem</span> <span class='ocrx_word' id='word_1_162' title='bbox 1009 3622 1132 3670; x_wconf 85' lang='lat' dir='ltr'>nostram</span> <span class='ocrx_word' id='word_1_163' title='bbox 1153 3619 1305 3686; x_wconf 82' lang='lat' dir='ltr'>conponat.</span> 
     </span>
    </p>
   </div>
   <div class='ocr_carea' id='block_1_20' title="bbox 402 3729 1467 4586">
    <p class='ocr_par' dir='ltr' id='par_1_22' title="bbox 402 3729 1467 4586">
     <span class='ocr_line' id='line_1_29' title="bbox 919 3729 953 3788; baseline 0.118 -4"><span class='ocrx_word' id='word_1_164' title='bbox 919 3729 953 3788; x_wconf 90' lang='lat' dir='ltr'>V.</span> 
     </span>
     <span class='ocr_line' id='line_1_30' title="bbox 406 3807 1467 3910; baseline 0.001 -27"><span class='ocrx_word' id='word_1_165' title='bbox 406 3905 408 3910; x_wconf 14' lang='grc' dir='ltr'><strong><em>Α</em></strong></span> <span class='ocrx_word' id='word_1_166' title='bbox 483 3827 520 3883; x_wconf 81' lang='lat' dir='ltr'>lit</span> <span class='ocrx_word' id='word_1_167' title='bbox 540 3832 688 3899; x_wconf 86' lang='lat' dir='ltr'>postquam</span> <span class='ocrx_word' id='word_1_168' title='bbox 709 3825 764 3880; x_wconf 89' lang='lat' dir='ltr'>hoc</span> <span class='ocrx_word' id='word_1_169' title='bbox 781 3825 933 3898; x_wconf 89' lang='lat' dir='ltr'>capitulum</span> <span class='ocrx_word' id='word_1_170' title='bbox 965 3827 1099 3888; x_wconf 74' lang='lat' dir='ltr'>adnotare</span> <span class='ocrx_word' id='word_1_171' title='bbox 1117 3807 1266 3900; x_wconf 76' lang='lat' dir='ltr'>jussimus,</span> <span class='ocrx_word' id='word_1_172' title='bbox 1293 3833 1323 3884; x_wconf 89' lang='lat' dir='ltr'>et</span> <span class='ocrx_word' id='word_1_173' title='bbox 1350 3843 1403 3900; x_wconf 92' lang='lat' dir='ltr'>per</span> <span class='ocrx_word' id='word_1_174' title='bbox 1422 3844 1467 3884; x_wconf 92' lang='lat' dir='ltr'>re-</span> 
     </span>
     <span class='ocr_line' id='line_1_31' title="bbox 404 3922 1463 3997; baseline 0.003 -18"><span class='ocrx_word' id='word_1_175' title='bbox 404 3940 490 3994; x_wconf 81' lang='lat' dir='ltr'>gnum</span> <span class='ocrx_word' id='word_1_176' title='bbox 511 3931 636 3980; x_wconf 84' lang='lat' dir='ltr'>nostrum</span> <span class='ocrx_word' id='word_1_177' title='bbox 657 3922 787 3995; x_wconf 79' lang='lat' dir='ltr'>cuiquam</span> <span class='ocrx_word' id='word_1_178' title='bbox 808 3924 843 3980; x_wconf 91' lang='lat' dir='ltr'>de</span> <span class='ocrx_word' id='word_1_179' title='bbox 864 3932 959 3980; x_wconf 90' lang='lat' dir='ltr'>nostra</span> <span class='ocrx_word' id='word_1_180' title='bbox 976 3925 1101 3997; x_wconf 81' lang='lat' dir='ltr'>jussione</span> <span class='ocrx_word' id='word_1_181' title='bbox 1122 3925 1340 3996; x_wconf 86' lang='lat' dir='ltr'>conmendatum</span> <span class='ocrx_word' id='word_1_182' title='bbox 1368 3926 1463 3995; x_wconf 83' lang='lat' dir='ltr'>luerit,</span> 
     </span>
     <span class='ocr_line' id='line_1_32' title="bbox 405 4009 1466 4096; baseline 0.004 -19"><span class='ocrx_word' id='word_1_183' title='bbox 405 4027 432 4077; x_wconf 88' lang='lat' dir='ltr'>et</span> <span class='ocrx_word' id='word_1_184' title='bbox 452 4019 507 4077; x_wconf 89' lang='lat' dir='ltr'>alio</span> <span class='ocrx_word' id='word_1_185' title='bbox 528 4020 613 4077; x_wconf 90' lang='lat' dir='ltr'>modo</span> <span class='ocrx_word' id='word_1_186' title='bbox 635 4019 747 4089; x_wconf 85' lang='lat' dir='ltr'>lecerit,</span> <span class='ocrx_word' id='word_1_187' title='bbox 776 4021 829 4077; x_wconf 87' lang='lat' dir='ltr'>nisi</span> <span class='ocrx_word' id='word_1_188' title='bbox 858 4022 1036 4095; x_wconf 82' lang='lat' dir='ltr'>quod&#39;nobis</span> <span class='ocrx_word' id='word_1_189' title='bbox 1057 4031 1085 4079; x_wconf 91' lang='lat' dir='ltr'>et</span> <span class='ocrx_word' id='word_1_190' title='bbox 1105 4009 1207 4078; x_wconf 87' lang='lat' dir='ltr'>nostris</span> <span class='ocrx_word' id='word_1_191' title='bbox 1226 4023 1358 4081; x_wconf 65' lang='lat' dir='ltr'>,fidelibus</span> <span class='ocrx_word' id='word_1_192' title='bbox 1380 4025 1466 4096; x_wconf 89' lang='lat' dir='ltr'>placi·</span> 
     </span>
     <span class='ocr_line' id='line_1_33' title="bbox 404 4107 1464 4194; baseline 0.002 -18"><span class='ocrx_word' id='word_1_193' title='bbox 404 4107 463 4176; x_wconf 91' lang='lat' dir='ltr'>tum</span> <span class='ocrx_word' id='word_1_194' title='bbox 487 4125 549 4183; x_wconf 86' lang='lat' dir='ltr'>est,</span> <span class='ocrx_word' id='word_1_195' title='bbox 585 4119 768 4192; x_wconf 81' lang='lat' dir='ltr'>quiscumque</span> <span class='ocrx_word' id='word_1_196' title='bbox 797 4125 892 4176; x_wconf 87' lang='lat' dir='ltr'>nostra</span> <span class='ocrx_word' id='word_1_197' title='bbox 918 4120 1044 4193; x_wconf 82' lang='lat' dir='ltr'>jussione</span> <span class='ocrx_word' id='word_1_198' title='bbox 1078 4121 1107 4176; x_wconf 90' lang='lat' dir='ltr'>in</span> <span class='ocrx_word' id='word_1_199' title='bbox 1136 4120 1293 4194; x_wconf 81' lang='lat' dir='ltr'>dispectum</span> <span class='ocrx_word' id='word_1_200' title='bbox 1322 4122 1464 4192; x_wconf 83' lang='lat' dir='ltr'>habuerit,</span> 
     </span>
     <span class='ocr_line' id='line_1_34' title="bbox 403 4217 1465 4293; baseline 0.003 -20"><span class='ocrx_word' id='word_1_201' title='bbox 403 4217 528 4273; x_wconf 87' lang='lat' dir='ltr'>bannum</span> <span class='ocrx_word' id='word_1_202' title='bbox 549 4222 674 4273; x_wconf 89' lang='lat' dir='ltr'>nostrum</span> <span class='ocrx_word' id='word_1_203' title='bbox 695 4217 844 4290; x_wconf 85' lang='lat' dir='ltr'>dupliciter</span> <span class='ocrx_word' id='word_1_204' title='bbox 865 4218 900 4274; x_wconf 92' lang='lat' dir='ltr'>ad</span> <span class='ocrx_word' id='word_1_205' title='bbox 921 4225 998 4291; x_wconf 86' lang='lat' dir='ltr'>parte</span> <span class='ocrx_word' id='word_1_206' title='bbox 1020 4225 1114 4275; x_wconf 88' lang='lat' dir='ltr'>nostra</span> <span class='ocrx_word' id='word_1_207' title='bbox 1135 4226 1295 4292; x_wconf 72' lang='lat' dir='ltr'>conponats</span> <span class='ocrx_word' id='word_1_208' title='bbox 1319 4226 1347 4276; x_wconf 89' lang='lat' dir='ltr'>et</span> <span class='ocrx_word' id='word_1_209' title='bbox 1368 4227 1465 4293; x_wconf 86' lang='lat' dir='ltr'>postea</span> 
     </span>
     <span class='ocr_line' id='line_1_35' title="bbox 403 4315 1464 4391; baseline 0.002 -19"><span class='ocrx_word' id='word_1_210' title='bbox 403 4316 461 4389; x_wconf 85' lang='lat' dir='ltr'>ipse</span> <span class='ocrx_word' id='word_1_211' title='bbox 482 4331 547 4372; x_wconf 87' lang='lat' dir='ltr'>reus</span> <span class='ocrx_word' id='word_1_212' title='bbox 567 4321 699 4388; x_wconf 85' lang='lat' dir='ltr'>appareat</span> <span class='ocrx_word' id='word_1_213' title='bbox 719 4315 748 4372; x_wconf 91' lang='lat' dir='ltr'>in</span> <span class='ocrx_word' id='word_1_214' title='bbox 769 4322 864 4372; x_wconf 76' lang='lat' dir='ltr'>sancta</span> <span class='ocrx_word' id='word_1_215' title='bbox 884 4316 1004 4387; x_wconf 87' lang='lat' dir='ltr'>sinodo,</span> <span class='ocrx_word' id='word_1_216' title='bbox 1027 4323 1055 4373; x_wconf 89' lang='lat' dir='ltr'>et</span> <span class='ocrx_word' id='word_1_217' title='bbox 1074 4317 1229 4375; x_wconf 86' lang='lat' dir='ltr'>secundum</span> <span class='ocrx_word' id='word_1_218' title='bbox 1248 4333 1373 4375; x_wconf 82' lang='lat' dir='ltr'>canones</span> <span class='ocrx_word' id='word_1_219' title='bbox 1391 4318 1464 4391; x_wconf 85' lang='lat' dir='ltr'>judi·</span> 
     </span>
     <span class='ocr_line' id='line_1_36' title="bbox 402 4412 1462 4488; baseline 0.002 -18"><span class='ocrx_word' id='word_1_220' title='bbox 402 4421 489 4471; x_wconf 87' lang='lat' dir='ltr'>cetur.</span> <span class='ocrx_word' id='word_1_221' title='bbox 519 4414 556 4471; x_wconf 83' lang='lat' dir='ltr'>Et</span> <span class='ocrx_word' id='word_1_222' title='bbox 576 4413 680 4486; x_wconf 79' lang='lat' dir='ltr'>placuit</span> <span class='ocrx_word' id='word_1_223' title='bbox 700 4412 798 4478; x_wconf 82' lang='lat' dir='ltr'>nobis,</span> <span class='ocrx_word' id='word_1_224' title='bbox 826 4419 856 4486; x_wconf 82' lang='lat' dir='ltr'>ut</span> <span class='ocrx_word' id='word_1_225' title='bbox 877 4415 1059 4488; x_wconf 84' lang='lat' dir='ltr'>quiscumque</span> <span class='ocrx_word' id='word_1_226' title='bbox 1080 4415 1116 4471; x_wconf 90' lang='lat' dir='ltr'>de</span> <span class='ocrx_word' id='word_1_227' title='bbox 1136 4415 1266 4473; x_wconf 88' lang='lat' dir='ltr'>fidelibus</span> <span class='ocrx_word' id='word_1_228' title='bbox 1287 4415 1391 4472; x_wconf 85' lang='lat' dir='ltr'>nostris</span> <span class='ocrx_word' id='word_1_229' title='bbox 1410 4416 1462 4472; x_wconf 86' lang='lat' dir='ltr'>lroc</span> 
     </span>
     <span class='ocr_line' id='line_1_37' title="bbox 402 4509 1462 4586; baseline 0.002 -18"><span class='ocrx_word' id='word_1_230' title='bbox 402 4517 493 4569; x_wconf 86' lang='lat' dir='ltr'>actum</span> <span class='ocrx_word' id='word_1_231' title='bbox 512 4527 529 4568; x_wconf 84' lang='lat' dir='ltr'>a</span> <span class='ocrx_word' id='word_1_232' title='bbox 549 4509 632 4568; x_wconf 88' lang='lat' dir='ltr'>uobis</span> <span class='ocrx_word' id='word_1_233' title='bbox 649 4510 757 4584; x_wconf 73' lang='lat' dir='ltr'>jussum</span> <span class='ocrx_word' id='word_1_234' title='bbox 777 4509 906 4569; x_wconf 85' lang='lat' dir='ltr'>habuerit</span> <span class='ocrx_word' id='word_1_235' title='bbox 926 4512 961 4570; x_wconf 88' lang='lat' dir='ltr'>ad</span> <span class='ocrx_word' id='word_1_236' title='bbox 982 4512 1183 4586; x_wconf 85' lang='lat' dir='ltr'>inquirendum</span> <span class='ocrx_word' id='word_1_237' title='bbox 1202 4527 1255 4586; x_wconf 86' lang='lat' dir='ltr'>per</span> <span class='ocrx_word' id='word_1_238' title='bbox 1270 4529 1393 4586; x_wconf 73' lang='lat' dir='ltr'>regnum</span> <span class='ocrx_word' id='word_1_239' title='bbox 1412 4529 1462 4570; x_wconf 92' lang='lat' dir='ltr'>no-</span> 
     </span>
    </p>
   </div>
   <div class='ocr_carea' id='block_1_21' title="bbox 0 0 1590 5218">
    <p class='ocr_par' dir='ltr' id='par_1_23' title="bbox 0 0 1590 5218">
     <span class='ocr_line' id='line_1_38' title="bbox 0 0 1590 5218; baseline 0 6"><span class='ocrx_word' id='word_1_240' title='bbox 0 0 1590 5218; x_wconf 95' lang='lat' dir='ltr'> </span> 
     </span>
    </p>
   </div>
  </div>
 </body>
</html>
