3172 5228
369 507 427 592 28¹
767 545 921 590 nonnanes
945 545 1038 590 naurs

449 699 539 758 199.
560 695 613 770 (De
632 705 761 768 sponsata
782 693 918 769 morsm.)
960 696 990 754 Si
1017 695 1079 770 quis
1107 697 1228 769 puellam
1247 697 1364 755 liberam
1386 703 1432 760 aot

369 795 458 852 redua
479 795 590 852 alterius
611 800 753 866 sponsata,
775 794 822 850 illa
845 801 936 850 tamen
959 793 1168 862 consentiente,
1192 794 1283 875 tolerit
1304 809 1429 863 osorem,

368 900 514 964 conponat
540 893 702 965 parentibus
731 892 856 948 mulieris
883 893 926 948 vel
948 893 982 948 ad
1004 909 1088 964 quem
1109 893 1239 949 mundius
1261 893 1295 949 de
1317 909 1349 948 ea
1371 909 1433 966 per-

368 989 490 1048 tenuerit
511 991 626 1062 anagrip
647 990 753 1046 solidos
767 989 871 1060 ‘viginti
893 996 921 1044 et
942 997 1055 1062 propter
1076 989 1149 1046 laida
1176 989 1246 1047 alius
1266 990 1381 1060 vigenti,
1405 998 1433 1046 et

370 1089 501 1146 mundius
531 1090 589 1161 eius
617 1087 736 1161 qualiter
763 1087 926 1144 convenerit
954 1087 1045 1144 saciat.
1089 1088 1215 1160 Sponsus
1243 1095 1334 1144 notem
1356 1089 1433 1160 cujus

370 1195 529 1258 sponsatam
551 1187 622 1253 luit,
655 1186 748 1242 omnia
780 1203 850 1258 quae
881 1186 909 1240 in
935 1195 1009 1242 meta
1038 1185 1143 1242 dictum
1164 1185 1217 1242 suit
1236 1186 1349 1258 quondo
1371 1201 1432 1242 eam

368 1285 490 1357 sposavit
518 1285 545 1339 in
569 1285 685 1340 dublum
707 1284 731 1339 ei
754 1291 930 1357 conponatur
950 1285 986 1340 ab
1007 1285 1073 1354 illo,
1108 1284 1155 1357 qui
1187 1287 1213 1341 ei
1244 1285 1433 1359 disponsatam

370 1400 449 1450 suam
471 1391 550 1455 turpe
572 1383 636 1440 lecit
649 1399 660 1446 ;1
681 1387 708 1438 et
728 1389 823 1454 postea
845 1399 974 1454 sponsos,
997 1390 1062 1455 post
1082 1390 1223 1455 acceptam
1238 1384 1351 1441 dubiam
1366 1400 1433 1440 con-

370 1481 517 1554 positinois
538 1497 643 1552 persas,
677 1481 712 1537 sit
732 1481 783 1537 sibi
806 1489 1001 1554 contemptus,
1033 1490 1061 1538 et
1084 1481 1203 1555 amplius
1224 1499 1258 1537 ex
1279 1481 1331 1544 hac
1352 1497 1434 1538 causa

370 1579 501 1636 adsersus
522 1578 713 1650 fidejussorem
734 1579 872 1635 calomnia
893 1596 950 1634 non
973 1579 1139 1652 requiratur.

378 1713 384 1722 -
452 1679 533 1734 191.
556 1674 608 1749 (De
637 1685 717 1747 rupto
744 1675 1052 1750 sponsatae=oltertna)
1094 1677 1123 1734 Si
1154 1677 1216 1750 quis
1241 1677 1362 1748 puellam
1387 1684 1433 1732 aut

371 1775 489 1830 veduam
510 1781 639 1846 sponsata
661 1773 776 1830 alterius
794 1773 926 1845 rapuerit,
948 1775 984 1830 sit
997 1774 1145 1848 culparetis
1161 1775 1323 1847 parentibus
1339 1777 1432 1847 puelle

372 1879 419 1928 aut
440 1873 474 1928 ad
497 1889 580 1944 quem
600 1872 731 1928 mundius
752 1871 787 1926 de
808 1887 840 1927 ea
857 1872 1028 1944 pertenuerit
1051 1873 1155 1929 solidos
1176 1872 1353 1943 noninginta,
1377 1889 1433 1928 me-

374 1970 505 2026 dietatem
527 1969 597 2040 regi,
620 1977 648 2026 et
668 1969 845 2026 medietatem
867 1970 1027 2042 parentibus
1049 1973 1152 2043 puelle,
1175 1971 1204 2026 id
1226 1977 1268 2026 est
1288 1977 1366 2042 pater
1386 1977 1432 2026 aut

372 2069 457 2126 irater
477 2074 524 2125 ant
545 2067 592 2140 qui
613 2068 734 2140 proximi
755 2075 837 2137 sunt,
866 2075 893 2124 et
913 2069 1060 2125 mundium
1086 2069 1144 2141 eius
1166 2069 1190 2124 si
1213 2067 1375 2124 convenerit
1395 2068 1434 2122 l-

373 2167 438 2226 ciat.
462 2166 573 2238 Sponso
595 2173 708 2233 autem,
722 2167 750 2222 in
774 2167 851 2239 cujus
873 2174 952 2239 turpe
973 2174 1020 2222 aut
1041 2167 1068 2222 in
1082 2167 1260 2224 derisiculum
1277 2167 1344 2238 egit,
1368 2184 1435 2222 con-

374 2272 461 2339 ponat
481 2265 565 2322 dobla
587 2271 658 2321 meta
681 2273 815 2337 quantum
831 2265 934 2321 dictum
957 2272 998 2320 cst
1019 2266 1047 2320 io
1071 2265 1133 2323 diae
1153 2267 1200 2322 illa
1216 2266 1330 2338 quando
1344 2265 1434 2321 iavola

375 2364 483 2420 firmata
505 2363 604 2433 luerat,
628 2364 794 2436 etamplius
814 2363 968 2436 fidejussori
990 2371 1036 2420 aut
1057 2356 1160 2437 raptori
1183 2365 1218 2421 ab
1240 2364 1330 2436 ipsum
1351 2379 1435 2436 spun-

374 2479 436 2518 sum
466 2462 603 2518 calomnia
634 2478 689 2517 non
720 2469 887 2532 generetur,
919 2461 968 2518 sed
989 2463 1024 2518 sit
1044 2463 1096 2519 sibi
1118 2469 1294 2534 contemptus
1324 2463 1353 2518 in
1374 2461 1433 2534 ipsa

375 2560 458 2616 dubia
480 2558 682 2632 conpositionis
704 2575 803 2631 poena.
1243 2573 1245 2577 ·

306 2651 313 2669 “
417 2689 419 2696 s
454 2660 541 2716 199.
562 2657 609 2723 (Si
621 2666 747 2729 parentes
768 2661 801 2713 de
815 2659 905 2729 puella
916 2673 1014 2729 rpoaasu
1035 2675 1094 2715 cnm
1108 2660 1163 2715 olio
1180 2660 1304 2715 conludio
1320 2657 1432 2728 inanit.)

377 2754 406 2811 si
434 2761 513 2827 pater
539 2762 586 2811 aut
606 2755 691 2811 irater
718 2758 760 2813 rel
782 2755 882 2829 aliquis
904 2773 938 2811 ex
958 2757 1120 2828 parentibus
1142 2758 1262 2830 puellam
1283 2757 1328 2813 alii
1350 2773 1435 2829 spun-

375 2852 485 2922 saverit,
508 2859 536 2908 et
557 2860 652 2924 postea
674 2871 736 2910 cum
757 2855 812 2910 alio
834 2863 965 2912 extraneo
987 2856 1151 2912 conludium
1173 2855 1270 2911 iecerit
1296 2862 1343 2912 aut
1362 2855 1435 2910 frau-

377 2951 442 3008 dem
460 2951 635 3007 consenserit
656 2967 717 3007 oom
739 2951 837 3016 illum,
868 2954 915 3026 qui
944 2971 1005 3010 eam
1035 2963 1081 3011 aut
1109 2955 1244 3012 violenter
1271 2962 1317 3010 aut
1347 2954 1435 3026 ipsam

376 3047 599 3106 consentientem
621 3049 703 3106 duxit
720 3066 851 3106 onorem:
874 3058 940 3108 tunc
962 3052 1013 3124 ipsi
1036 3057 1174 3124 parentes,
1198 3052 1246 3125 qui
1267 3051 1347 3125 hujus
1368 3067 1435 3108 con-

376 3147 445 3204 ludii
467 3147 570 3204 fraudis
591 3157 807 3216 consenserent,
831 3158 993 3222 conponant
1014 3166 1146 3222 sponsum
1168 3151 1216 3224 qui
1239 3166 1300 3207 eam
1321 3165 1437 3222 spunsa-

375 3252 431 3302 tam
452 3245 550 3302 habuit
569 3245 652 3302 simili
674 3263 783 3318 poena,
807 3254 958 3320 utsupra,
993 3249 1021 3304 in
1045 3248 1161 3305 dublum
1175 3255 1255 3305 meta
1280 3265 1335 3320 que
1362 3246 1434 3303 diota

377 3345 466 3400 luerat
485 3343 514 3400 in
536 3344 598 3400 diae
618 3345 845 3417 sponsaliorum
868 3353 895 3401 et
915 3352 1011 3418 postea
1031 3363 1150 3418 sponsus
1170 3346 1288 3419 amplius
1305 3347 1435 3403 adversus

377 3458 426 3497 eos
447 3432 494 3498 ant
514 3443 704 3514 fidejussorem
727 3444 865 3500 calomnia
887 3460 943 3499 non
966 3445 1132 3516 requiratur.

374 3553 375 3557 ’
456 3537 543 3599 los.
586 3540 614 3596 Si
637 3542 727 3613 puella
750 3541 837 3598 libera
859 3541 925 3598 ioris
946 3543 1088 3614 provincia
1109 3559 1217 3598 servum
1242 3541 1363 3598 alienum
1393 3557 1436 3596 se·

377 3645 439 3694 orata
453 3638 545 3706 luerit,
569 3639 712 3712 requirant
726 3656 774 3695 eos
790 3639 894 3712 pariter
910 3641 1040 3696 dominus
1052 3640 1123 3696 servi
1141 3647 1168 3697 et
1182 3640 1304 3713 parentis
1323 3641 1431 3712 puelle;

378 3743 406 3793 et
426 3736 448 3792 si
470 3753 518 3793 eos
533 3737 706 3805 invenerent,
731 3737 813 3792 ambo
829 3753 947 3809 poenam
965 3737 1043 3810 juxta
1063 3739 1345 3809 legemsusteneant:
1370 3753 1434 3794 nam

377 3836 488 3908 culpam
508 3852 523 3891 a
545 3835 660 3891 domino
683 3836 759 3908 cujus
781 3851 874 3896 servus
897 3834 979 3892 suerit
1000 3853 1055 3892 non
1079 3837 1244 3909 requiratur.

457 3936 542 3992 194.
585 3933 614 3988 Si
636 3933 698 4006 quis
719 3926 787 3989 cum'
803 3934 903 3990 ancilla
922 3933 1062 3990 Gentilem
1084 3933 1236 4004 lornigatus
1254 3934 1345 3999 tuerit,
1368 3949 1436 3989 coo-

377 4040 464 4106 ponat
484 4032 519 4089 ad
542 4032 688 4088 dominum
709 4032 767 4104 ejus
788 4032 893 4090 solidos
905 4032 1002 4102 viginti
1016 4041 1035 4100 ;'
1047 4033 1069 4090 si
1091 4049 1155 4089 cum
1171 4033 1307 4102 Romana,
1330 4032 1435 4090 solidos

368 4131 526 4188 ,duodicem
547 4135 698 4202 conponat.

457 4229 543 4287 lon.
565 4228 617 4303 (De
637 4230 737 4285 crimen
756 4230 787 4284 in
805 4231 921 4300 puellam
941 4225 1057 4302 injecto.)
1100 4227 1129 4284 Si
1150 4227 1212 4301 quis
1232 4227 1377 4284 mundium
1399 4228 1434 4284 de

377 4327 469 4400 puella
490 4310 577 4383 libera
598 4333 644 4382 aut
664 4327 810 4382 mulierem
829 4334 993 4400 potestatem
1013 4325 1128 4396 habens,
1152 4334 1268 4400 excepto
1289 4335 1368 4400 pater
1385 4334 1436 4383 aut

378 4426 470 4495 irater,
495 4432 522 4480 et
541 4423 571 4480 in
593 4424 714 4482 animam
735 4425 820 4497 ipsius
841 4428 934 4499 puelle
953 4431 1003 4482 aut
1023 4424 1145 4482 mulieris
1166 4423 1312 4482 insidiatus
1338 4425 1431 4490 luerit,

379 4530 425 4580 aut
452 4523 498 4581 alii
520 4522 635 4581 invitam
655 4524 690 4580 ad
711 4523 840 4580 maritum
861 4525 969 4582 tradere
991 4522 1124 4594 voluerit,
1154 4530 1201 4580 aut
1221 4524 1378 4581 volentibus
1399 4525 1433 4580 ad
