3172 5228
405 464 448 527 eo
796 483 951 529 noreiam
975 485 1067 531 anons

483 635 571 694 886.
594 631 646 708 (ue
665 631 775 708 ntdtna.)
797 634 859 690 Non
871 635 1053 694 teciatatdins
1066 636 1274 709 cujuscumque,
1297 636 1462 710 qutamund

404 731 492 790 tactus
518 749 576 791 non
598 738 655 800 est,
683 731 743 788 sine
774 734 913 790 volontate
938 740 1057 806 patrono
1083 750 1134 791 suo
1155 741 1226 791 terra
1256 741 1302 792 ant
1321 736 1461 808 mancipia

405 830 528 899 vindere,
551 831 600 887 aed
622 847 712 904 neque
733 830 852 890 liberum
874 831 1024 890 dimettere.
1223 832 1228 844 “

484 931 572 988 888.
593 925 787 1003 (Dctmoinoa
797 927 925 1005 effrenos.)
940 929 970 986 Si
980 930 1042 1003 quis
1053 930 1138 988 homo
1150 931 1221 988 tiber
1231 931 1380 989 terminum
1390 932 1463 988 adti-

404 1044 467 1084 cum
474 1026 706 1096 exterminaverit,
719 1033 746 1082 et
756 1034 900 1098 provatum
912 1027 1003 1097 tuerit,
1014 1026 1049 1085 sit
1059 1029 1206 1102 culparetis
1216 1029 1320 1086 sotidos
1329 1037 1461 1102 octngen-

404 1132 441 1195 ta,
462 1125 639 1182 medictatem
654 1124 724 1196 regi,
740 1133 767 1180 et
782 1125 959 1182 medietatem
976 1125 1005 1181 in
1021 1127 1098 1198 cujus
1112 1116 1197 1183 tinem
1209 1127 1356 1184 terminum
1368 1129 1459 1188 suerit.

482 1224 564 1282 m.
586 1218 640 1295 (Dc
659 1239 750 1278 acrone
770 1225 818 1294 qni
838 1226 986 1280 terminnm'
1001 1221 1148 1298 effutierit.)
1191 1223 1220 1280 si
1240 1227 1333 1282 servus
1353 1227 1461 1284 alienus

402 1319 551 1392 terminum
568 1317 695 1376 anticum
715 1318 950 1390 exterminaverit,
972 1321 1055 1378 morti
1075 1321 1199 1380 incurrat
1219 1324 1390 1395 periculum,
1406 1330 1461 1381 ant

402 1425 509 1477 ematur
529 1433 593 1475 cnm
615 1419 804 1490 quadragenta
825 1419 931 1480 solidis.

435 1503 439 1510 ’
481 1514 915 1593 2180(Dearboreripnoto.)
957 1518 987 1576 Si
1016 1518 1080 1591 quis
1108 1518 1191 1574 homo
1217 1518 1290 1575 tiber
1317 1521 1457 1590 arborem,

401 1615 449 1672 ubi
466 1616 597 1672 tentatura
617 1613 692 1670 inter
711 1616 782 1672 fines
798 1617 983 1673 decernindas
1004 1617 1110 1687 signata
1131 1625 1183 1681 est,
1207 1617 1336 1675 inciderit
1345 1624 1392 1674 aut
1411 1617 1461 1674 de·

401 1712 483 1777 tierit,
508 1718 655 1782 octogenta
675 1713 780 1770 solidos
800 1715 836 1770 sit
856 1714 1021 1788 culparetis,
1044 1714 1239 1780 mediaetatem
1260 1715 1329 1787 regi,
1352 1722 1382 1772 et
1401 1733 1460 1772 rne-

401 1809 532 1868 dictatem
553 1810 631 1882 cujus
652 1811 736 1867 arbor
756 1811 848 1869 tuerit.
884 1814 920 1869 Et
940 1811 963 1870 si
985 1828 1095 1869 sermm
1114 1828 1165 1885 par
1181 1812 1335 1884 jussionem
1352 1813 1458 1870 domini

400 1906 571 1978 eniterent,
595 1907 727 1966 dominus
747 1918 899 1982 conponat,
922 1915 1065 1983 utsupra,
1088 1911 1192 1968 solidos
1215 1927 1298 1970 cxxx.

480 2009 570 2064 888.
612 2005 642 2063 Si
663 2023 756 2063 servus
777 2024 826 2064 aua
841 2008 1033 2065 auctoritatem
1050 2009 1150 2066 arbore
1171 2008 1218 2065 nbi
1237 2011 1366 2067 tactatura
1388 2010 1456 2066 taeta

399 2110 441 2162 eat
460 2104 533 2162 inter
553 2104 617 2161 finis
638 2103 997 2177 decernendasiuciderit,
1020 2113 1068 2163 ant
1087 2106 1238 2172 moriatur,
1268 2114 1315 2165 aut
1335 2109 1458 2165 rede-at

400 2217 429 2260 se
450 2217 513 2259 cum
535 2203 725 2275 quadragenta
746 2203 854 2261 solidis.

409 2331 412 2338 ν
480 2303 570 2360 840.
602 2300 657 2376 (Dc
676 2307 776 2361 cnoido
796 2307 828 2362 in
847 2305 916 2390 ritca
936 2307 1046 2364 oderice
1065 2303 1163 2377 sactu.)
1206 2303 1236 2360 Si
1262 2303 1324 2377 quis
1345 2310 1457 2376 propter

400 2395 586 2456 intentionem
606 2400 684 2470 signa
697 2413 788 2468 nova,
812 2403 841 2458 id
861 2411 903 2460 est
923 2404 1055 2460 tentatura
1076 2407 1123 2459 aut
1142 2401 1253 2472 anaide,
1276 2401 1305 2458 in
1331 2401 1398 2458 sttva
1418 2400 1456 2460 te·

400 2498 486 2567 certt,
519 2505 547 2554 et
573 2513 621 2554 sua
644 2515 701 2554 non
723 2499 933 2572 adprovavcrit,
966 2507 1108 2575 conponat
1128 2499 1233 2556 sotidos
1254 2500 1453 2573 quadragenta,

399 2596 576 2654 medietatem
597 2597 667 2667 regi,
692 2604 719 2653 et
739 2598 916 2656 medietatem
937 2600 1013 2672 cujus
1034 2600 1100 2656 sitva
1122 2598 1213 2656 tuerit.

479 2695 562 2752 841.
584 2690 722 2767 (Decerne
739 2699 787 2768 qni
801 2700 903 2754 anaide
913 2695 1033 2772 suerin)
1055 2698 1085 2755 Si
1101 2713 1196 2754 servus
1212 2703 1288 2754 extre
1303 2691 1455 2769 jussionem

399 2790 506 2848 domini
517 2791 559 2848 sui
570 2792 702 2850 tentatura
713 2800 759 2851 aut
769 2795 865 2852 anaide
879 2796 975 2854 iecerit
985 2796 1013 2852 in
1026 2796 1122 2852 silvam
1131 2795 1253 2864 atterius,
1264 2809 1363 2852 manus
1376 2793 1402 2849 et
1413 2793 1455 2848 in·

399 2888 524 2955 rideturr
554 2895 583 2944 et
602 2889 625 2946 si
644 2906 710 2948 cnm
738 2891 892 2964 iussionem
913 2893 1020 2951 domini
1042 2893 1083 2950 sui
1104 2893 1216 2963 iecerit,
1239 2891 1354 2948 domino
1375 2906 1456 2964 repo·

399 2992 471 3044 tetur
491 2993 521 3043 ut
541 3002 633 3059 supra.

416 3099 418 3108 ’
478 3086 564 3143 848.
608 3085 637 3142 Si
659 3085 720 3159 quis
741 3085 801 3144 sine
819 3087 972 3159 jussionem
998 3088 1071 3158 regis
1096 3105 1194 3146 aurum
1223 3085 1381 3158 figuraverit
1409 3091 1455 3142 aut

397 3188 509 3241 moneta
531 3183 687 3250 confixerit,
709 3201 808 3247 manus
829 3185 854 3241 et
876 3185 1022 3244 incidatur.

473 3282 564 3340 848.
588 3279 644 3356 (De
664 3285 768 3341 cartola
786 3280 886 3358 satsat
909 3283 938 3339 Si
960 3283 1021 3356 quis
1043 3283 1176 3340 cartolam
1196 3282 1292 3340 tetsam
1312 3280 1454 3354 scripserit

397 3383 445 3438 aut
464 3379 607 3452 quodtevit
626 3381 829 3447 membranum,
854 3397 951 3438 manns
973 3381 998 3436 ei
1018 3380 1187 3437 incidantur.

478 3477 565 3534 844.
607 3477 636 3534 Si
658 3478 720 3551 quis
741 3495 792 3552 per
803 3495 915 3535 murum
936 3479 970 3534 de
991 3485 1080 3536 castro
1101 3484 1150 3536 aut
1168 3477 1304 3536 civitatem
1319 3478 1380 3535 stne
1401 3468 1453 3536 no-'

396 3573 463 3631 ditia
481 3573 574 3647 Judcci
596 3576 636 3632 sui
659 3577 758 3634 exierit
779 3577 851 3634 toras
873 3581 919 3634 aut
940 3576 1097 3643 intraverit,
1120 3576 1142 3633 si
1163 3576 1315 3645 liberast,
1339 3575 1375 3632 sit
1395 3577 1452 3633 cut-

340 3702 342 3707 ·
396 3671 499 3745 pavetis
520 3671 548 3728 in
570 3679 676 3729 curtem
696 3673 769 3745 regis
789 3674 894 3730 solidos
915 3673 1036 3745 vigenti-3
1066 3675 1088 3730 ri
1109 3679 1200 3730 autem
1220 3671 1309 3729 atdius
1329 3679 1376 3730 ant
1396 3689 1452 3730 scr·

395 3785 445 3830 vus
465 3770 559 3848 tuerit,
581 3770 616 3827 ait
635 3772 784 3843 culparetis
804 3771 910 3827 solidos
930 3787 948 3827 x
968 3771 997 3827 in
1018 3778 1130 3830 curtem
1145 3769 1227 3842 regie.
1251 3772 1286 3827 Et
1307 3769 1329 3828 at
1350 3771 1451 3830 furtum

396 3867 502 3940 iecerit,
525 3869 595 3926 sicut
615 3868 644 3925 in
666 3868 718 3925 troc
739 3868 868 3925 Edictum
889 3869 991 3940 tegitur
1010 3885 1082 3941 pene
1103 3869 1167 3925 furti
1187 3876 1338 3942 conponat.

476 3965 564 4023 845.
586 3961 888 4040 (nomenniomen
909 3974 933 4024 ct
954 3968 1077 4038 devitor.)
1100 3966 1129 4022 Si
1151 3966 1213 4040 quis
1231 3966 1383 4024 devitorem
1402 3965 1451 4024 ha·

279 4130 281 4140 Ι
395 4062 447 4133 bit,
469 4062 585 4136 appattit
604 4078 668 4118 eum
688 4065 784 4135 semet,
807 4065 867 4133 bes,
890 4070 919 4120 et
938 4078 1024 4136 usque
1046 4064 1146 4128 tortior
1168 4071 1197 4121 et
1216 4063 1238 4121 si
1255 4063 1375 4122 devitum
1392 4081 1449 4120 non

395 4159 552 4218 reddederit
572 4166 697 4218 autnon
718 4160 913 4234 conposuerit,
946 4166 1012 4218 tunc
1043 4161 1140 4219 deveat
1168 4178 1232 4220 eum
1252 4160 1400 4236 pignerare
1419 4161 1449 4220 in

395 4257 437 4316 tris
457 4257 550 4323 rebus,
574 4259 621 4332 qui
639 4259 787 4332 pignerare
807 4259 920 4318 tacitum
941 4265 991 4316 est.

474 4356 563 4412 846.
585 4353 629 4428 (Si
658 4341 718 4428 qnia
747 4365 810 4414 one
836 4360 1053 4416 contestationem
1081 4355 1285 4432 pignerabunt.)
1327 4357 1357 4414 Si
1387 4357 1449 4430 quis

394 4452 448 4509 atio
469 4469 520 4526 pro
541 4453 659 4526 quatibit
669 4454 789 4511 devitum
810 4463 976 4512 antcausam
989 4453 1136 4528 pignerare
1155 4455 1352 4530 presumpserit
1372 4461 1449 4514 anto·
