3172 5228
395 504 446 579 tt}
764 522 948 570 transiturus
972 524 1065 570 ason
1101 535 1127 562 ιι

474 678 550 738 m.
593 675 623 734 Si
644 675 706 750 quis
736 691 766 732 se
793 674 975 750 dispotaverit
1000 681 1046 733 aut
1076 681 1191 748 prepter
1218 681 1390 734 senectutem
1411 682 1457 732 aut

395 782 511 850 propter
539 775 662 848 aliquam
690 772 882 830 infirmitatem
904 775 1029 845 corporis
1051 774 1125 832 filius
1147 791 1207 832 nou
1234 775 1321 846 possit
1341 774 1455 843 hahere,

395 880 424 931 et
443 889 488 930 res
509 889 572 930 suas
593 873 640 930 alii
662 871 839 943 obturaverit,
863 879 1015 946 posteaque
1037 891 1100 930 eum
1120 873 1275 945 contegent
1294 873 1368 932 filius
1389 873 1458 944 legi-

396 973 480 1032 timus
501 986 668 1044 procreare:
693 987 784 1028 omne·
799 970 888 1039 enim,
911 973 988 1044 quod
1010 979 1051 1028 est
1071 972 1202 1042 donatio,
1226 971 1302 1045 quod
1324 971 1398 1043 prius
1420 971 1459 1026 le·
1542 1005 1545 1015 ·

396 1077 488 1140 cerat,
512 1075 674 1142 rumpatur,
707 1076 734 1125 et
755 1069 806 1126 filii
826 1069 945 1141 legitimi
974 1088 1061 1128 unum
1082 1080 1128 1128 ant
1148 1072 1260 1144 plnres,
1294 1071 1340 1141 qni
1363 1078 1456 1141 postea

398 1169 455 1226 nati
478 1168 596 1236 luerent,
619 1167 731 1223 heredis
752 1167 782 1223 in
803 1167 933 1224 omnibns
955 1168 1025 1240 patri
1044 1170 1202 1228 succedant.
1226 1169 1256 1226 Si
1277 1176 1369 1226 autem
1387 1170 1457 1227 filias

393 1267 534 1338 legitimas
563 1283 619 1321 una
645 1272 693 1322 aut
713 1267 826 1339 plures,
860 1283 909 1322 seu
930 1267 1005 1324 filios
1025 1268 1165 1326 naturales
1192 1283 1278 1326 uuum
1298 1275 1347 1324 aut
1366 1267 1465 1341 plures.

394 1372 458 1440 post
479 1364 559 1422 thinx
580 1363 683 1420 tactum
703 1363 850 1435 habuerit,
882 1365 1002 1421 habeant
1029 1373 1056 1422 et
1076 1365 1129 1438 ipsi
1151 1366 1242 1438 legem
1262 1383 1358 1434 suam,
1389 1365 1460 1420 sicut

396 1463 523 1537 superius
543 1461 723 1518 constitutum
745 1469 795 1532 est,
819 1469 959 1535 tamquam
981 1464 1003 1520 si
1025 1464 1095 1526 nihil
1117 1465 1164 1522 alii
1178 1465 1333 1537 tiringaturn
1354 1463 1456 1526 luissit;

395 1568 424 1618 et
443 1563 490 1618 ille
512 1560 556 1617 cui
579 1559 735 1631 lbingatum
757 1567 798 1625 est
819 1567 925 1621 tantum
946 1561 1068 1632 habeat,
1101 1571 1234 1635 quantum
1262 1563 1308 1620 alii
1337 1560 1459 1634 parentis

395 1658 516 1734 proximi
538 1657 696 1714 debuerunt
718 1658 821 1716 habere
843 1666 890 1716 aut
910 1661 995 1717 curtis
1016 1661 1091 1732 regia
1113 1661 1253 1734 suscipere
1275 1661 1297 1717 si
1318 1660 1364 1718 alii
1386 1659 1460 1715 thin-

396 1765 491 1830 gatum
513 1772 570 1812 non
592 1755 689 1814 fuissit.
907 1827 910 1833 Ι
1201 1815 1204 1822 ,

475 1857 556 1914 m.
599 1851 649 1926 (De
671 1856 769 1921 tlrinn,
791 1857 877 1926 quod
897 1862 935 1911 est
956 1853 1092 1929 donato.)
1124 1857 1153 1914 Si
1175 1856 1237 1930 quis
1263 1873 1308 1913 res
1329 1873 1391 1914 suas
1412 1857 1460 1914 alii

396 1952 524 2026 thingare
545 1954 676 2028 voluerit,
700 1970 757 2008 non
778 1953 914 2010 absconse
936 1954 985 2010 sed
1005 1961 1070 2010 ante
1091 1955 1196 2012 liberos
1216 1956 1346 2012 homines
1367 1956 1459 2030 ipsum

396 2052 553 2124 gairetliinx
573 2051 673 2120 iaciat,
704 2050 834 2124 quatinus
855 2051 902 2123 qui
934 2050 1043 2122 thingat
1064 2055 1159 2126 etqui
1183 2055 1251 2124 gisel
1274 2055 1358 2111 luerit
1377 2055 1457 2111 liberi

395 2151 461 2222 sint,
484 2157 515 2207 ut
536 2152 611 2207 nulla
632 2149 661 2206 in
683 2156 825 2222 posterum
846 2149 951 2206 oriatur
972 2150 1099 2210 intentio.

474 2252 555 2308 ΗΒ.
599 2247 629 2304 Si
651 2247 713 2320 quis
734 2264 778 2305 res
799 2263 861 2304 suas
881 2247 1058 2320 thingoverit‚
1083 2256 1112 2305 et
1128 2249 1228 2308 dixerit
1248 2251 1276 2306 in
1298 2251 1360 2322 ipsc
1381 2250 1460 2308 thinx

395 2349 453 2407 lide
473 2347 541 2418 laih,
564 2346 655 2403 idest
677 2346 753 2419 quod
772 2346 801 2400 in
825 2346 886 2402 diae
909 2346 1000 2402 obitus
1018 2346 1060 2402 sni
1083 2347 1241 2420 reliquerit,
1273 2365 1338 2420 nou¹
1352 2347 1459 2420 disper-

397 2453 443 2518 gat
464 2461 508 2508 res
529 2445 603 2518 ipsas
617 2454 721 2519 “postea
737 2447 835 2502 doloso
852 2447 957 2517 animo,
982 2447 1035 2503 nisi
1048 2447 1154 2504 fruatur
1168 2465 1214 2504 eas
1231 2466 1294 2504 cum
1311 2448 1458 2505 rationem.

394 2545 431 2600 Et
452 2544 474 2600 si
497 2545 558 2600 talis
579 2547 605 2600 ei
627 2544 751 2601 evenerit
764 2545 925 2614 necessitas,
948 2551 978 2600 ut
998 2551 1071 2602 terra
1092 2564 1154 2602 cnm
1170 2547 1309 2620 mancipia
1330 2554 1377 2604 avit
1397 2545 1459 2602 sine

393 2642 534 2716 mancipia
556 2642 670 2698 vindere
691 2649 738 2700 ant
758 2643 852 2699 locum
871 2643 996 2715 pigneris
1018 2661 1123 2717 ponere
1150 2645 1260 2712 debeat,
1285 2646 1359 2702 dicat
1380 2645 1458 2718 prius

395 2740 437 2798 illi
459 2740 502 2796 cui
525 2739 676 2812 thingavit:
698 2741 876 2810 detenentia,
900 2745 967 2813 qnia
986 2747 1140 2802 necessitate
1166 2745 1305 2818 conportans
1329 2762 1372 2802 res
1392 2746 1459 2800 istae

395 2841 467 2894 undo
489 2840 574 2904 darer
596 2840 621 2894 ai
641 2839 691 2894 reti
714 2841 833 2904 reddor,
857 2841 968 2896 metuent
993 2843 1070 2907 milri,
1094 2851 1118 2898 et
1138 2860 1181 2898 ree
1200 2845 1266 2899 istos
1283 2860 1407 2899 conamen
1426 2845 1459 2897 in

396 2945 445 2995 tna
462 2933 627 3009 potestaten.
659 2937 738 2993 Tunc
759 2937 782 2993 si
804 2938 925 2997 noluerit
945 2939 970 2995 ei
992 2940 1157 3012 subvenire,
1185 2943 1260 3015 quod
1282 2940 1329 2998 elii
1350 2940 1460 2996 dederit

396 3035 431 3094 sit
449 3035 492 3094 illi
513 3035 641 3094 stabilem
662 3025 689 3092 e't
709 3037 820 3098 firmum
842 3037 890 3110 qui
912 3037 1056 3111 acceperit.
1097 3081 1098 3086 1
1253 3021 1257 3027 ¹

412 3169 414 3174 ·
475 3133 734 3206 124.(Detln'nn
751 3137 856 3208 primus
876 3137 1000 3210 tactum)
1030 3137 1091 3193 Nou
1113 3137 1196 3194 leciat
1216 3139 1345 3195 donatori
1367 3139 1459 3211 ipsum

395 3232 475 3289 thinx
501 3232 577 3306 quod
604 3239 685 3289 antea
712 3233 778 3290 iecit
797 3233 897 3290 iterum
919 3234 947 3292 in
970 3235 1054 3291 alium
1074 3235 1218 3292 hominem
1239 3237 1456 3309 transmigrare3

396 3338 504 3400 tantum
524 3337 566 3386 eet
586 3331 683 3386 utille
704 3331 752 3403 qui
774 3331 932 3402 genethius
960 3334 1111 3406 susceperit
1132 3336 1199 3390 tales
1221 3337 1316 3408 culpas
1339 3353 1395 3391 non
1415 3335 1458 3392 ia-

396 3429 451 3486 ciat
472 3429 603 3487 donatori
624 3445 684 3500 suo,
708 3430 804 3502 quales
821 3431 913 3486 solent
929 3431 1030 3502 ingrati
1052 3433 1107 3490 tilii
1121 3433 1281 3507 parentibus
1296 3435 1352 3491 suis
1368 3435 1458 3490 lacere

396 3544 448 3602 per
468 3543 537 3600 quas
558 3527 793 3598 exhereditantnr,
817 3545 871 3600 que
893 3529 921 3584 in
942 3530 998 3587 hoc
1018 3531 1148 3588 Edictum
1169 3532 1270 3606 scripte
1292 3539 1365 3588 sunt.
1394 3533 1458 3604 lpse

396 3634 490 3684 sutem
512 3625 561 3699 qui
591 3627 747 3696 gairethinx
767 3609 920 3700 susceperit
947 3630 1079 3700 abelis,
1111 3629 1248 3706 quidquid
1278 3630 1461 3702 dereliquerit

397 3724 516 3782 donator
536 3725 567 3782 iu
588 3723 663 3781 diem
685 3725 785 3782 obidus
806 3725 847 3782 sui
869 3724 972 3782 habeat
993 3728 1133 3784 licentiam
1154 3729 1184 3784 iu
1206 3746 1284 3785 snum
1301 3729 1457 3786 dominium

396 3825 577 3896 recollegere‚
601 3830 628 3879 et
649 3823 771 3880 devitum
792 3824 977 3880 creditoribus
998 3823 1115 3883 reddere
1138 3835 1165 3883 et
1186 3828 1220 3884 ab
1243 3828 1305 3884 aliis
1325 3827 1455 3899 exegere,

397 3930 425 3982 et
446 3923 522 3997 quod
543 3921 573 3979 iu
594 3921 713 3984 fiduciae
736 3939 839 3980 nexum
853 3911 981 3996 ‘positum
1011 3933 1052 3981 est
1072 3923 1170 3983 reddat
1190 3927 1333 3998 devitum,
1367 3934 1395 3984 et
1413 3943 1458 3984 re-

399 4022 490 4097 quirat
511 4040 571 4080 rem
591 4022 620 4079 in
642 4022 762 4082 fiduciae
783 4039 856 4080 nexu
877 4023 977 4096 posita.
1392 4044 1395 4047 ·

479 4121 559 4182 125.
584 4120 640 4197 (De
660 4121 823 4196 launegild.)
846 4121 876 4178 Si
897 4121 959 4195 quis
980 4139 1023 4182 res
1044 4139 1105 4180 snas
1118 4123 1283 4197 cuicumque
1300 4123 1455 4194 donaverit,

398 4226 426 4278 et
445 4223 542 4294 postea
563 4220 745 4293 quivdonavit
765 4220 907 4293 launegild
921 4221 1104 4295 requisiverit,
1129 4229 1194 4279 tunc
1216 4223 1263 4280 ille
1284 4223 1332 4296 qui
1350 4223 1458 4296 accepit

399 4326 446 4378 aut
463 4317 574 4375 heredis
595 4320 663 4391 ejus,
687 4320 710 4378 si
731 4336 813 4377 ausus
834 4337 890 4376 non
913 4321 999 4377 luerit·
1011 4321 1104 4393 jurare
1121 4323 1197 4394 qnod
1213 4323 1389 4395 conpositum
1410 4324 1455 4391 sit,

398 4420 496 4476 reddat
516 4417 542 4474 ei
563 4417 709 4492 terquinio,
744 4417 774 4476 id
796 4425 836 4476 est
857 4419 1000 4489 semilem,
1037 4417 1127 4492 qualis
1154 4421 1185 4478 in
1213 4422 1287 4478 diem
1308 4421 1385 4479 illam
1406 4421 1458 4477 init

400 4517 512 4591 quando
535 4517 668 4575 donatum
689 4521 757 4585 estr'
770 4523 799 4576 et
818 4517 842 4574 si
858 4519 1002 4592 juraverit,
1026 4517 1061 4575 s'it
1082 4520 1232 4576 exsolutm.
1310 4519 1326 4568 ί
1347 4533 1350 4543 ‘
