3198 5222
383 524 446 586 tes
779 545 944 592 russanum
958 546 1058 626 'neers

461 695 546 772 (ΠΙ.)
576 698 633 753 lu.
667 695 855 766 Cognovimus
880 696 956 754 enim
982 695 1145 754 multotiens
1163 697 1436 770 perfidosbomines

382 803 479 855 eontra
506 796 677 851 voluntatem
707 802 852 866 parentum
875 794 1070 852 defunctorum
1094 811 1221 873 suorum·
1236 812 1337 869 agere,
1369 797 1437 852 dum

381 895 435 969 ipsi
455 911 506 967 pre
529 892 675 950 animabus
695 893 752 950 suis
773 908 822 964 per
850 894 911 949 loca
935 891 1104 950 venerabilia
1131 909 1175 950 res
1200 911 1262 951 suas
1283 894 1437 952 destribue·

381 995 459 1056 bant.
483 997 511 1048 et
530 989 734 1063 pertinentibus
754 989 810 1046 suis
831 989 985 1061 simplicem
1006 990 1161 1048 libertatem
1188 1005 1251 1047 cum
1271 991 1355 1048 rebus
1376 989 1438 1064 qui-

379 1091 504 1149 buslibet
523 1088 684 1150 denabanta
714 1093 742 1143 et
760 1103 824 1144 eum
846 1086 912 1158 ipsis
933 1087 1092 1142 bominibus
1113 1103 1165 1160 per
1183 1089 1281 1145 astutia
1302 1089 1435 1159 agebant,

381 1198 409 1245 et
429 1203 477 1243 ees
497 1204 512 1242 a
534 1185 590 1241 suis
611 1185 759 1256 cespitibus
776 1185 943 1242 removentis
965 1184 992 1240 in
1005 1202 1084 1241 suum
1095 1183 1236 1242 servitium
1252 1185 1435 1257 replicabant,

380 1284 558 1357 postmodum
580 1282 735 1339 libertatem
757 1281 837 1338 simul
860 1287 894 1336 et.
908 1299 951 1338 res
972 1281 1145 1343 amittebant
1165 1282 1233 1340 ldeo
1255 1283 1435 1354 previdimus,

382 1385 454 1442 banc
475 1396 600 1438 resecare
620 1380 772 1448 malitiam,
804 1387 834 1434 ut
862 1380 989 1436 voluntas
1010 1387 1037 1436 et
1057 1380 1197 1438 ordinatio
1224 1379 1363 1452 inpleatur
1388 1379 1438 1435 de·

382 1481 484 1537 truncti:
516 1486 544 1535 et
564 1479 601 1536 ita
621 1477 780 1544 sancimus,
801 1484 843 1532 ⁴ut
863 1479 886 1533 si
908 1477 970 1549 quis
990 1478 1191 1548 Langobardos
1211 1495 1261 1551 per
1282 1479 1386 1536 cartola
1408 1478 1436 1536 io

383 1579 527 1636 sanitatem
549 1584 596 1633 aut
616 1554 802 1646 egritudinem
823 1591 900 1631 suam
921 1587 965 1630 res
986 1591 1048 1632 suas
1069 1576 1253 1644 ordinaverit,
1284 1582 1312 1632 et
1338 1576 1438 1632 dixerit
1512 1557 1516 1570 ’

383 1693 429 1734 eas
450 1677 553 1734 babere
575 1675 636 1730 loca
658 1671 853 1740 venerabilia,
866 1679 895 1728 et
915 1672 1032 1730 familias
1051 1689 1102 1746 per
1122 1689 1177 1746 que
1198 1689 1242 1730 res
1262 1673 1335 1746 ipsas
1356 1690 1438 1730 excu-

281 1775 283 1778 ’
323 1771 331 1799 ’
380 1777 475 1834 lentur
495 1772 596 1828 liberos
617 1786 678 1826 esse
699 1770 817 1838 dixerit,
849 1770 936 1826 libera
958 1773 984 1826 ei
1004 1770 1041 1827 sit
1061 1770 1200 1843 pdtestast
1231 1771 1255 1827 si
1286 1770 1388 1828 dixerit
1407 1777 1438 1826 ut

379 1873 409 1930 in
429 1871 497 1944 jpsis
517 1868 656 1939 religiosis
676 1868 745 1925 locis
763 1867 901 1923 redditum
923 1867 1034 1936 iaciant,
1057 1867 1210 1924 secundum
1231 1868 1317 1938 ipsius
1337 1873 1437 1925 statuta

380 1969 499 2026 reddant
528 1965 605 2023 omni
635 1974 760 2038 tempore
788 1965 865 2036 juxta
890 1965 997 2021 domini
1024 1966 1064 2022 sui
1097 1965 1306 2038 preceptionem
1335 1965 1388 2037 ipsi
1410 1972 1438 2022 et

381 2067 432 2124 fllii
453 2065 574 2123 filiorum
591 2064 713 2131 illorum,
736 2071 763 2120 et
783 2064 839 2120 sint
859 2063 938 2122 liberi
961 2065 996 2120 de
1017 2063 1073 2120 suis
1090 2063 1437 2136 personissicutdeminus

381 2181 479 2220 eorum
499 2162 665 2225 instituerit,
699 2168 726 2217 et
755 2161 790 2217 ab
811 2161 869 2233 ejus
890 2161 1039 2218 heredibus
1060 2177 1117 2218 nnn
1138 2162 1325 2234 replicentur,
1349 2178 1438 2218 neca

382 2262 438 2320 suis
459 2260 609 2332 cespitibus
629 2266 823 2326 removentur,
853 2258 901 2317 sed
929 2259 964 2316 ab
985 2258 1053 2330 ipsis
1075 2258 1278 2315 venerabilibus
1288 2259 1368 2316 ,loeis
1390 2259 1438 2314 de·

383 2360 542 2428 lensentur,
575 2361 692 2428 excepto
720 2356 743 2412 si
764 2371 812 2412 sua
835 2355 977 2414 voluntate
1007 2355 1143 2414 voluerint
1170 2356 1262 2424 exire,
1296 2355 1437 2414 licentiam

381 2457 503 2514 babeant
522 2454 552 2512 in
574 2455 698 2510 libertate
714 2469 767 2509 sua
789 2453 881 2521 exire,
904 2459 932 2508 et
953 2453 1043 2509 vivere
1065 2453 1111 2510 ubi
1134 2453 1279 2510 voluerint.
1322 2453 1392 2512 Nam
1413 2453 1435 2510 si

381 2555 417 2616 ed
438 2553 502 2611 linis
523 2551 619 2611 mertis
640 2550 838 2623 properaverit,
862 2550 899 2606 ita
921 2556 951 2605 ut
972 2566 1023 2606 nec
1045 2550 1171 2620 thingare
1193 2550 1336 2608 hominem
1356 2567 1437 2619 suum

383 2651 487 2725 possit,
517 2666 608 2722 neque
637 2647 666 2704 in
687 2663 772 2706 manu
797 2646 948 2703 sacerdotis
977 2647 1085 2702 tradere
1106 2647 1178 2704 cirea
1199 2648 1297 2704 altario
1317 2649 1438 2706 liberum

382 2735 597 2815 dimittendum,
628 2753 741 2818 propter
760 2745 929 2802 subitaniam
951 2752 1085 2812 mortem,
1109 2751 1137 2801 et
1156 2745 1307 2812 instituerit
1325 2753 1356 2804 ut
1375 2754 1438 2819 post

382 2846 491 2908 obitum
511 2845 570 2918 ejus
589 2860 640 2917 per
659 2859 773 2900 manum
793 2842 943 2899 sacerdotis
965 2843 1077 2914 qualem
1098 2841 1283 2913 designaverit
1302 2844 1374 2902 eirca
1387 2861 1439 2902 sa·

382 2961 432 3004 cro
455 2943 556 3002 altario
577 2940 677 2998 deduci
700 2940 852 2998 debeatorr
882 2955 963 2996 causa
983 2939 1170 2997 miserationis
1188 2942 1381 3010 decrevimus,
1408 2947 1439 2998 ut

384 3044 455 3100 sient
474 3040 603 3112 dominus
624 3055 721 3097 eorum
742 3037 898 3111 preceperit
918 3037 955 3093 ita
976 3038 1132 3110 inpleatur,
1155 3045 1183 3096 et
1202 3040 1333 3096 sacerdos
1353 3055 1438 3112 quem

382 3138 568 3211 designaverit
588 3154 651 3194 eum
671 3138 776 3210 absque
797 3137 993 3209 cujuscumque
1014 3137 1234 3196 contradictione
1254 3139 1387 3205 absolvat,
1411 3144 1439 3192 et

384 3238 456 3296 liber
476 3242 655 3309 permaneat3
677 3235 742 3307 qnia
765 3234 883 3292 maxima
906 3235 1005 3291 mercis
1027 3234 1109 3292 nobis
1130 3252 1190 3294 esse
1210 3235 1328 3305 videtur,
1351 3241 1382 3291 ut
1401 3234 1438 3292 de

383 3334 495 3392 servitio
521 3333 591 3390 servi
623 3333 658 3389 ad
688 3332 844 3388 libertatem
870 3331 1060 3398 deducentem
1096 3349 1130 3388 eo
1163 3333 1238 3406 qued
1269 3333 1440 3404 Redemptor

383 3434 483 3492 Noster
502 3446 596 3488 servus
616 3430 677 3489 lieri
699 3429 828 3500 dignatus
849 3437 910 3498 est,
943 3437 972 3486 ut
994 3446 1044 3487 nes
1070 3430 1224 3487 libertatem
1246 3417 1365 3488 donant
1408 3431 1438 3487 Si

383 3546 448 3588 vere
470 3529 577 3602 aliquid
597 3527 624 3597 ei
644 3527 672 3614 in
689 3527 749 3598 ipso
764 3526 838 3583 exito
861 3543 910 3586 suo
927 3527 1072 3586 donaverit
1087 3534 1134 3584 aut
1150 3528 1255 3584 donare
1271 3527 1436 3600 preceperit,

383 3627 488 3684 stabilis
510 3626 536 3684 ei
555 3615 616 3699 ipsa
632 3624 745 3681 donatio
761 3632 939 3697 permaneat3
963 3625 1034 3698 quia
1046 3625 1173 3698 Apostoli
1191 3625 1269 3686 Pauli
1290 3624 1439 3682 auotoritas

383 3728 500 3782 munte
519 3727 557 3780 od
577 3726 732 3781 domesticos
760 3725 824 3793 fidei
854 3723 1022 3780 beneficium
1051 3731 1190 3796 praestare
1207 3723 1288 3796 jubit.
1330 3723 1366 3779 lit
1385 3738 1437 3795 pro

384 3821 526 3894 launegild
547 3821 689 3894 inputetur
709 3821 735 3878 ei
756 3819 897 3876 servitium
914 3839 1005 3887 suum,
1029 3838 1063 3880 eo
1084 3822 1159 3894 quod
1177 3837 1272 3878 servus
1293 3819 1440 3878 nonhabit

385 3918 459 3976 unde
480 3919 547 3976 aliut
567 3919 708 3990 launegild
730 3918 755 3976 ei
777 3919 869 3976 iaciat.

464 4014 559 4092 (llll.)
580 4019 638 4078 18.
660 4021 684 4074 Α
707 4017 807 4074 nostris
827 4017 1019 4074 decessoribus
1036 4017 1094 4089 jam
1115 4024 1196 4072 antea
1217 4023 1258 4072 est
1270 4015 1436 4086 institutum,

384 4121 414 4168 nt
442 4113 640 4184 langobardus
670 4121 833 4186 potestatem
861 4113 960 4169 babeat
987 4112 1074 4168 lilium
1105 4112 1263 4170 suum,sibi
1289 4113 1361 4170 bene
1382 4129 1439 4170 ser-

384 4210 504 4267 vientem
526 4210 561 4266 de
582 4211 665 4268 rebus
684 4211 740 4268 suis
760 4211 928 4273 meliorare3
959 4211 994 4265 de
1014 4209 1123 4266 filiabus
1145 4225 1202 4264 noo
1223 4210 1436 4268 contenebatur.

383 4308 451 4364 ldee
471 4308 634 4378 statuimus,
666 4316 696 4365 ut
723 4308 746 4364 si
773 4307 841 4363 duas
863 4307 933 4364 lilias
953 4305 1100 4370 habuerit,
1131 4312 1160 4362 et
1185 4305 1272 4362 lilium
1296 4324 1352 4363 oon
1373 4307 1439 4364 reli·

384 4407 491 4479 querit,
533 4413 654 4477 potestas
682 4406 708 4465 ei
735 4404 772 4461 sit
805 4420 889 4460 unam
916 4402 1002 4460 filiam
1035 4419 1132 4469 suam,
1165 4403 1275 4476 qualem
1307 4404 1435 4474 voluerit,

384 4503 530 4562 meliorare
558 4501 666 4560 tertiam
697 4507 801 4576 partem
835 4501 870 4558 de
900 4499 983 4558 rebus
1012 4501 1084 4571 suis,
1116 4507 1145 4558 et
1174 4501 1198 4558 si
1232 4508 1288 4558 tres
1321 4501 1435 4572 luerint,
