3170 5218
232 1151 328 1227 Quum
351 1153 417 1214 Viro
440 1171 470 1213 re
493 1173 560 1213 uera
583 1155 703 1234 erudito,
733 1151 833 1214 Curato
857 1149 1011 1214 Baudio'o
1038 1153 1143 1224 Vesus,

141 1262 366 1326 adoratoribus
389 1265 535 1326 Historiae
550 1267 666 1328 Patriae
689 1269 791 1329 studiis
809 1268 1017 1346 promouendis,
1045 1287 1147 1344 mustus
1246 1279 1248 1289 '

141 1377 316 1454 assipuutuut
333 1379 431 1455 suisset
451 1381 623 1446 edeudaruru
640 1381 730 1457 iepuus
747 1380 855 1457 Repuru
877 1379 1143 1456 Laupobardorusu,

142 1489 199 1556 tta,
220 1489 353 1568 pluribus
367 1490 569 1553 ¹uetustissimis
592 1476 767 1571 optimaeque
797 1501 880 1552 uotae
904 1483 1027 1551 coutatis'
1045 1492 1146 1553 codici-

142 1604 193 1662 bus
215 1622 294 1676 mss,
321 1605 471 1664 editio-aeus
494 1606 680 1684 comparauit,
707 1624 779 1684 quae
798 1606 998 1684 proculdubio
1019 1605 1147 1665 omuibus

144 1716 333 1798 anterioribus
360 1716 498 1782 Herotdi,
535 1715 682 1790 Goidasti‚
717 1717 937 1794 Liudeubropii,
971 1715 1141 1789 Muratorii,

143 1824 277 1887 Cauciaui
304 1829 494 1907 praeferendo
515 1831 570 1902 sit,
605 1837 632 1888 et
653 1829 769 1910 iufiaita
793 1830 959 1888 couiatiouis
983 1830 1138 1906 dih'peutia,

143 1947 170 1998 ct
188 1949 301 2000 uruuta
317 1937 468 2002 barbarica
482 1943 532 2002 itta
551 1943 665 2018 linquae
682 1942 819 2012 ruditate,
838 1942 1007 2018 adiectisque
1022 1940 1148 1999 uastat

113 2079 119 2087 ·
145 2055 278 2112 momeuti
303 2051 542 2134 *Appendicibusp
587 2051 654 2113 Atia
688 2054 798 2136 puopbe
830 2073 848 2112 a
884 2054 1043 2113 doctissimo
1083 2051 1148 2112 Viro

143 2165 349 2226 subiicieutur:
385 2168 533 2227 thesaurus
565 2143 667 2226 scilicet
700 2165 849 2226 uariarum
879 2166 1028 2226 iectiouuuc
1060 2167 1148 2224 uruito

142 2279 237 2338 habore
260 2280 491 2358 depromptarum
513 2299 550 2338 etc
572 2299 637 2343 rues.
672 2278 812 2338 codicibus
838 2249 1011 2349 Vercebbeusi,
1037 2277 1147 2357 Epore-

143 2392 241 2456 dieusi,
286 2389 413 2463 Caucasi,
446 2391 622 2462 Matriteusi‚
654 2389 844 2467 Sauputteasi‚
878 2389 1084 2450 Parisieusibus
1121 2399 1147 2448 et

101 2527 105 2535 ⁴
148 2501 403 2582 Gueipberbptahis
421 2505 540 2576 duobus,
566 2513 598 2562 ut
619 2505 678 2589 ipse
691 2511 785 2562 mouet
801 2503 832 2561 iu
843 2501 1042 2580 Praefatioue:
1068 2513 1150 2562 eruut

144 2626 170 2707 et
193 2617 391 2676 aduotatioues
409 2618 563 2695 plurimae,
588 2618 704 2682 iudices,
740 2615 892 2692 ptossoria,
917 2600 1066 2674 historicae
1090 2616 1148 2674 dis-

144 2729 318 2807 quisitiones,
345 2729 472 2789 codicum
494 2749 558 2790 russ.
581 2730 690 2808 typisue
718 2728 859 2787 editorum
881 2727 1079 2806 descriptioucs
1102 2747 1151 2787 ac-

145 2845 350 2903 curatissimae.
383 2843 465 2919 Quae
487 2835 594 2910 outaiass
621 2856 700 2902 uetao
724 2843 822 2900 melius
846 2859 932 2918 quatu
953 2841 999 2898 iile
1022 2849 1147 2911 uostras,
1198 2820 1205 2830 ’

145 2973 209 3012 cum
230 2957 388 3016 incredibili
411 2958 557 3034 ditipeutia
581 2966 607 3014 et
629 2957 765 3016 mirauda
788 2953 930 3023 doctriua,
957 2962 1017 3011 tuus
1040 2951 1169 3029 apropia'

144 3068 288 3128 cobuutate
306 3069 468 3148 praeditus,
489 3077 638 3147 praestare
656 3075 758 3147 potest.

232 3181 313 3242 Iuter
343 3183 414 3257 iepes
442 3177 502 3241 iura
527 3182 640 3260 pridem
671 3181 802 3257 culpatus
829 3175 988 3256 particuboe
1011 3181 1092 3232 eraut
1119 3175 1152 3233 de

145 3287 331 3354 structoribus
355 3289 501 3376 (Rotharis
524 3297 539 3370 s
562 3291 692 3364 CXLIV,
712 3287 824 3374 CXLV)
848 3290 897 3370 qui
915 3289 951 3348 ab
969 3288 1027 3348 oris
1045 3287 1152 3346 aetatis
1242 3309 1245 3315 ·

146 3403 227 3464 barii
250 3406 327 3466 iocus
349 3407 431 3486 apud
454 3407 588 3486 oppidum
608 3405 825 3475 Norocoeucuse,
850 3420 958 3461 uecuou
980 3419 999 3458 a
1021 3399 1152 3480 finitimis

145 3517 213 3576 iocis
235 3520 346 3595 opressi,
372 3518 546 3596 Mapistcdtu
565 3515 780 3578 huictiorum
803 3515 937 3594 iuscriore
959 3532 1030 3572 aeuo
1053 3530 1153 3571 aoruca

146 3630 338 3704 obtiuuerdut,
370 3633 473 3713 'quique
491 3649 546 3710 per
568 3639 657 3690 totam
679 3629 798 3689 Italiam
820 3647 908 3706 usque
930 3627 969 3686 ad
993 3625 1067 3686 XIV
1087 3647 1152 3686 sae-

146 3742 257 3816 culum,
299 3745 494 3826 aedificiorum
530 3708 656 3802 studium
691 3761 740 3802 seu
772 3740 919 3802 architecti
950 3759 999 3799 seu
1030 3739 1153 3818 artifices

146 3856 283 3934 fueraut,
320 3859 431 3936 saepius
455 3858 541 3919 etiam
573 3864 743 3934 utrumque:
784 3854 830 3914 sed
862 3853 947 3923 ittae,
982 3835 1155 3927 quamquam

146 3979 319 4030 structorum
352 3989 452 4030 uomere
480 3969 651 4047 reserentes,
687 3986 718 4026 re
750 3983 817 4026 uua
851 3962 1036 4023 structoriaat
1066 3969 1156 4019 artem

100 4066 103 4072 ⁵
148 4083 260 4142 miuiuu
287 4084 458 4162 respiciunt,
492 4084 539 4143 sed
567 4085 674 4142 daruua
700 4089 813 4140 tautum
842 4078 978 4156 fortuita,
1009 4094 1061 4153 que
1084 4075 1151 4134 uu

147 4194 314 4275 aedificatur
341 4197 498 4274 coutiupere
510 4204 630 4274 possunt
639 4195 792 4273 praecipue
806 4189 953 4250 rucatibus
965 4188 1151 4268 ponderibus,

147 4304 190 4363 uti
211 4306 289 4383 tipho
302 4307 344 4366 cet
364 4325 448 4380 sacco,
476 4309 609 4386 illatoque
628 4307 741 4366 cubuere
759 4312 811 4364 out
823 4321 888 4362 uoce
904 4302 946 4362 ud
968 4301 1155 4362 structoribus
