3170 5218
1139 475 1178 559 'o

175 675 326 739 Tubulobi
346 677 502 738 Paniohii:
530 677 706 758 nuperrime
731 677 822 739 etiam
842 677 954 740 ‘Petrus
972 678 1073 740 ltocoa
1097 675 1180 760 typis

176 789 302 852 Genuae
336 784 494 853 mandavit
526 790 665 852 libellum
698 791 737 852 de
767 790 863 871 ipsius
897 790 1014 872 origiue
1046 787 1179 872 (laveni-

174 904 286 979 paza'ooi
308 905 381 964 salta
403 923 469 964 oua
487 905 600 981 ortuo
635 905 678 966 del
704 903 789 964 Picdc
816 903 962 984 Liproodo
987 903 1088 963 tuta.
1113 899 1175 983 8⁰),

173 1013 205 1074 in
229 1035 291 1095 quo
315 1016 421 1078 Manui
444 1015 711 1080 observationibus
734 1021 766 1076 et
788 1015 977 1096 argunnae-tis
1001 1033 1081 1076 nova
1112 1033 1180 1074 mo-

174 1135 321 1193 numenta
358 1128 472 1192 adiecit
502 1149 542 1189 ex
572 1127 686 1190 chartis
715 1136 747 1189 et
775 1127 995 1208 diplomatibus
1023 1125 1179 1188 recentius
1272 1144 1281 1150 ·

169 1239 305 1320 vulgatis
325 1240 479 1315 'deducta,
514 1259 690 1322 novamque
720 1239 887 1321 spopondit
909 1239 1177 1302 dissertationem:

174 1353 214 1414 ab
238 1360 369 1434 utroque
392 1351 487 1415 multa
511 1352 638 1435 quidem
661 1352 753 1416 allata
777 1353 959 1433 scriptorum
978 1350 1086 1422 verba,
1113 1369 1176 1410 mo·
1217 1341 1221 1349 ⁴

173 1473 384 1547 numentaque
407 1465 549 1546 exposita
571 1465 694 1546 luerunt
717 1466 755 1527 ad
779 1485 844 1528 rem
868 1464 1102 1536 declarandam,-
1115 1480 1179 1522 uo·

174 1577 232 1640 dus
255 1597 330 1640 vero
353 1578 504 1641 insolutus
527 1579 695 1654 remansit,
727 1579 811 1641 nulla
840 1578 923 1640 enim
946 1577 985 1639 ab
1008 1576 1083 1658 ipsis
1106 1595 1177 1657 pro-

174 1691 266 1752 ducta
289 1691 477 1772 comparatio
500 1692 589 1774 pedis
613 1691 794 1774 liutprandi
823 1690 913 1772 regis·
929 1711 998 1752 eum
1022 1690 1082 1752 alia
1105 1697 1177 1751 nota

174 1823 328 1867 mensura.
375 1805 480 1866 Utrum
515 1825 555 1866 ex
585 1805 671 1866 hisce
701 1803 968 1886 disquisitionibus
996 1802 1050 1864 lux
1067 1800 1177 1883 'aliqua

175 1917 351 1987 emerserit,
379 1917 505 1981 videant
527 1917 585 1979 viri
609 1916 737 1990 eruditi,
773 1915 848 1978 mihi
872 1916 955 1978 enim
978 1915 1179 1978 densissimae

172 2029 245 2091 illae
268 2030 418 2092 tenebrae
441 2029 567 2092 minime
591 2027 760 2092 rarefactae
785 2029 937 2094 videntur.
1048 2057 1050 2064 2

262 2143 381 2206 Adsunt
409 2125 453 2205 et'
469 2141 557 2207 Pauli
586 2142 714 2218 Diaconi
743 2142 859 2209 verba,
892 2161 971 2223 quae
1001 2141 1116 2203 Manno
1148 2145 1179 2200 et

174 2254 295 2316 Roseae
326 2255 430 2336 ignota
462 2255 601 2318 extitisse
633 2255 800 2318 admodum
829 2254 941 2317 miror:
967 2273 1025 2336 ego
1049 2253 1177 2314 bicen-

174 2387 300 2447 ponam,
325 2375 359 2430 ut
381 2368 567 2430 omnimodis
591 2367 778 2450 argumentis
802 2387 864 2429 non
895 2377 999 2429 eareat
1022 2366 1174 2449 quaesti0‚

174 2499 236 2542 non
260 2481 335 2562 quia
358 2502 398 2543 ex
420 2481 481 2542 illis
505 2481 619 2544 veritas
642 2501 699 2564 per
723 2501 757 2542 se
781 2481 879 2562 ipsam
895 2480 1069 2542 luculenter
1088 2478 1178 2538 inno-

173 2601 279 2658 tescat.
316 2594 394 2655 Sunt
416 2595 494 2656 baec
519 2593 578 2676 (lle
602 2593 696 2676 gestis
719 2594 855 2676 Langob.
881 2591 935 2654 lib.
962 2593 991 2655 l..
1011 2593 1056 2671 5).
1091 2591 1178 2666 „lle-

175 2707 298 2787 „nique
321 2706 353 2767 in
368 2707 467 2780 ltalia,
480 2749 483 2756 .
494 2707 573 2768 siout
590 2713 622 2770 et
641 2707 761 2788 antiqui
775 2707 976 2789 scripserunt,
1002 2705 1082 2772 circe
1096 2705 1178 2768 diem
1207 2785 1210 2792 Ι
1295 2771 1298 2790 Ι

175 2818 318 2897 „Natalis
346 2819 485 2894 Domini,
519 2839 632 2883 novem
655 2819 753 2903 pedes
775 2819 807 2881 in
831 2819 940 2884 umbra
963 2826 1096 2881 staturae
1121 2815 1178 2879 bu·

175 2951 313 3004 „manae
343 2931 419 2994 bora
454 2939 542 2994 sexta
573 2932 750 2998 metiuntur.
806 2933 871 3012 Ego
895 2939 998 2994 autem
1022 2931 1054 2991 in
1078 2909 1177 2992 Gallia

172 3042 343 3125 „Belgium
375 3045 407 3105 in
438 3045 507 3106 loeo
539 3046 591 3127 qui
615 3044 806 3107 Tanis-Villa
828 3044 952 3116 dicitur,
978 3043 1174 3115 constitutus,

174 3162 298 3233 „status
322 3157 382 3218 mei
406 3157 547 3219 umbram
562 3158 705 3232 metiens,
732 3158 841 3219 decem
862 3164 896 3218 et·
911 3175 1023 3221 novem
1035 3165 1065 3218 et
1084 3156 1178 3218 semis

174 3268 298 3346 „pedes
322 3268 466 3334 inventu
491 3269 609 3331 Primus
633 3270 666 3330 in¹
684 3270 757 3333 ¹loeo
778 3267 906 3330 Diaconi
929 3268 1121 3332 inlustrando
1144 3289 1178 3330 se

175 3379 303 3458 protulit
323 3381 476 3462 Iosephus
508 3383 546 3444 de
580 3381 716 3444 Riualdis
751 3381 866 3462 scripta
895 3379 1174 3446 dissertatiuncula,

174 3490 286 3554 oblatis
317 3491 525 3557 schematibus
556 3494 628 3576 (Op.
655 3494 761 3574 Calog.
788 3493 849 3555 vol.
882 3493 990 3572 XLV),
1023 3493 1062 3556 de
1092 3491 1178 3554 Pauli

174 3603 289 3685 duplici
312 3606 494 3680 assertione,
521 3607 618 3670 altera
642 3608 770 3670 alteram
786 3608 825 3668 ad
847 3604 976 3668 nibilum
994 3606 1174 3672 reducente,

174 3717 330 3780 silentium
361 3719 505 3782 servavit.
559 3721 635 3782 Sunt
665 3721 780 3782 etenim
812 3720 843 3782 in
874 3719 958 3781 Pauli
990 3717 1093 3781 verbis
1117 3719 1177 3780 duo

175 3829 346 3892 contrariae
384 3831 606 3894 affluentiores
636 3813 740 3914 'seque
778 3833 909 3894 invicem
951 3831 1110 3902 delentes3
1153 3829 1180 3890 si

175 3942 307 4014 etenim,
342 3944 470 4008 umbrae
500 3939 722 4026 longitudinem
754 3945 868 4025 pedum
893 3964 926 4006 rx
955 3943 1053 4027 (quae
1077 3950 1124 4004 est
1147 3942 1179 4002 in

175 4053 277 4129 ltalia)
311 4055 446 4127 Romae,
480 4056 707 4123 commoditatis
736 4075 846 4124 causa,
880 4056 1080 4130 collocemus,
1110 4065 1182 4117 tuno

177 4165 268 4227 nobis
294 4165 344 4228 die
367 4167 488 4230 solstitii
509 4158 674 4242 hiemalis,
702 4168 759 4230 erit
782 4167 917 4230 bominis
940 4189 994 4232 seu
1019 4167 1181 4251 gnomonis

175 4278 303 4342 altitudo
326 4281 441 4358 pedum
462 4289 580 4343 tantum
596 4301 628 4342 tv
658 4279 788 4361 ¹²²l1000,
813 4282 938 4344 serbato
954 4301 1080 4345 romano
1100 4282 1180 4361 pede
