3172 5228
495 555 634 602 sutcuurr
654 551 877 603 carmos-sss.
1172 541 1214 606 27

156 705 187 764 id
207 711 249 764 est
268 705 393 776 filiastra,
415 721 508 780 neque
523 711 652 778 cognata,
677 705 726 780 qui
746 707 798 765 tuit
817 723 887 766 uxor
904 709 1006 778 natu-is,
1030 726 1145 770 uxorem
1166 713 1217 770 du·

157 820 235 870 cere3
264 805 334 862 etsi
355 805 444 878 ipsam
466 804 655 876 consenserit,
688 804 730 861 vir
751 805 798 878 qui
820 824 883 865 eom
906 808 982 866 ducit
1002 817 1143 883 conponat
1164 825 1215 883 pro

157 903 267 976 culpam
287 902 317 959 in
338 910 416 960 curte
437 902 510 974 regis
529 905 636 961 solidos
656 911 789 970 centum,
818 913 846 962 et
865 922 930 963 mor
957 915 1101 980 separetur
1126 909 1161 965 ab
1182 925 1216 966 ea

156 1001 320 1058 constrictus
340 1019 357 1058 a
376 1018 460 1073 rege,
493 1008 521 1059 et
539 1002 599 1076 ipsa
621 1002 721 1060 mulier
742 1003 843 1061 habeat
862 1004 1040 1062 medietatem
1060 1006 1096 1062 de
1117 1022 1216 1063 omnes

156 1113 200 1155 res
220 1115 293 1170 suas,
317 1105 345 1156 et
359 1097 663 1169 medietatemamittat,
680 1110 708 1157 et
720 1103 804 1159 curtis
820 1102 896 1174 regia
913 1102 1055 1176 suscipiat.
1077 1103 1120 1159 Eo
1138 1104 1215 1176 qurod

157 1195 282 1254 inlecitus
302 1204 504 1254 consenserunt
524 1199 664 1255 celebrare
686 1201 796 1273 nuptias
817 1201 885 1257 haec
905 1215 979 1274 pena
1000 1206 1158 1269 susteneat,
1188 1208 1216 1257 et

155 1311 232 1361 mox,
254 1302 285 1351 ut
305 1294 410 1352 dictum
430 1302 482 1365 est,
505 1302 658 1369 separetur.

234 1393 321 1452 188.
363 1393 392 1449 Si
413 1393 455 1450 vir
469 1393 579 1451 mulieri
600 1393 731 1452 violentia
746 1393 853 1464 lecerit,
876 1402 903 1452 et
920 1394 1034 1453 invitam
1047 1411 1109 1452 eam
1122 1393 1215 1452 tolcrit

156 1491 191 1548 ad
204 1507 329 1561 uxorem,
352 1491 386 1548 sit
403 1492 553 1564 culparetis
570 1493 675 1550 solidos
697 1509 798 1557 nocco,
822 1493 998 1550 medietatem
1018 1495 1089 1565 regi,
1111 1501 1138 1549 ct
1159 1507 1217 1548 me-

156 1589 302 1646 diaetatem
324 1589 486 1664 parentibus
506 1591 648 1655 mulierisr
671 1591 741 1648 etsi
769 1592 893 1664 parentis
914 1609 971 1648 uon
993 1591 1137 1655 habuerit,
1162 1588 1215 1662 ipsi

156 1687 292 1759 nungenti
307 1688 389 1745 solidi
407 1705 422 1745 a
439 1688 522 1746 curtis
537 1689 595 1761 regi
613 1696 781 1761 exeganturs
804 1695 832 1746 et
851 1691 952 1748 muller
968 1690 1057 1763 ipsam
1072 1689 1213 1746 licentiam

155 1786 256 1843 habeat
276 1801 340 1842 cum
360 1801 458 1843 omnes
482 1803 526 1844 res
547 1803 610 1844 suas
631 1787 756 1862 proprias
778 1804 832 1860 que
854 1787 879 1844 ei
901 1803 951 1860 per
970 1789 1033 1857 lege
1051 1791 1213 1859 conpetunt,

155 1883 294 1954 elegendo
321 1883 368 1956 qui
395 1884 542 1941 mundium
566 1885 624 1958 ejus
645 1885 675 1941 in
703 1891 869 1957 potestatem
891 1884 992 1942 debeat
1011 1885 1129 1952 habere,
1159 1883 1217 1939 vult

154 1988 288 2054 epatre,
312 1981 334 2038 si
356 1982 504 2048 habuerit,
526 1983 585 2038 vult
606 1984 641 2038 ad
661 1982 769 2051 tratres,
791 1984 851 2039 vult
874 1984 909 2039 ad
930 1983 1078 2051 harbaum,
1100 1981 1160 2037 vult
1179 1980 1214 2036 ad

155 2095 267 2136 manum
281 2079 368 2151 regia,
380 2080 409 2137 in
422 2080 509 2152 ipsius
523 2079 647 2138 mulieris
661 2080 697 2137 sit
708 2087 873 2152 potestatem
888 2079 935 2137 ubi
949 2079 1002 2137 sibi
1015 2080 1074 2153 ipsa
1087 2077 1212 2149 elegcrit.

234 2179 314 2235 ist.
355 2177 396 2233 De
415 2180 545 2234 uiolentia
564 2180 685 2235 mulieris
704 2177 810 2251 libere.)
832 2177 861 2234 Si
883 2177 945 2250 quis
961 2177 1083 2234 violento
1098 2175 1213 2234 nomine

155 2273 248 2331 tulerit
262 2291 388 2343 uxorem,
411 2282 554 2347 conponat
568 2282 600 2331 ut
618 2290 710 2347 supra,
734 2281 763 2331 et
777 2281 870 2346 posteo
885 2273 1029 2331 mundium
1045 2273 1103 2346 ejus
1120 2272 1212 2330 iaciat.

154 2371 225 2428 Nam
246 2372 268 2429 si
290 2371 445 2442 contegerit
465 2387 563 2441 casus,
595 2379 624 2428 ut
644 2379 793 2445 antequam
814 2371 960 2429 mundium
987 2370 1085 2428 lecerit
1103 2375 1213 2427 mortue

155 2469 247 2540 luerit,
271 2486 314 2526 res
335 2469 403 2542 ejus·
416 2469 578 2543 parentibus
599 2470 739 2540 reddatur,
763 2476 791 2526 et
811 2471 857 2528 ille
879 2469 919 2526 vir
940 2469 987 2543 qui
1009 2485 1069 2525 eam
1090 2467 1215 2526 violento

158 2567 257 2625 ordine
278 2567 372 2624 tulerit
393 2583 507 2624 oxorem
528 2574 669 2641 conponat
690 2585 751 2625 eam
773 2575 899 2638 mortua,
928 2575 1068 2640 tamquam
1093 2582 1159 2622 vero
1182 2565 1217 2622 de

155 2664 246 2722 simile
267 2665 442 2736 sauguinem,
466 2665 495 2722 id
516 2672 557 2722 cst
578 2665 600 2722 si
616 2665 699 2723 trater
719 2667 778 2739 ejus
791 2666 942 2735 occidissit,
966 2666 1004 2722 ita
1016 2664 1213 2737 adpraetietur,

154 2769 182 2820 et
202 2763 239 2820 ad
259 2763 420 2836 parentibus
441 2779 492 2836 pro
512 2771 622 2820 mortua
636 2779 798 2838 conponere
813 2771 938 2835 cogatur,
962 2770 1010 2820 aut
1029 2761 1073 2819 cui
1084 2761 1216 2818 mundius

155 2859 190 2917 de
210 2878 245 2917 ea
266 2860 446 2933 pertenuerit.

232 2959 317 3018 188.
360 2957 390 3018 si
411 2959 505 3030 puella
526 2958 613 3016 libera
634 2963 681 3014 aut
697 2957 786 3014 sedus
807 2957 867 3014 siue
884 2959 1054 3014 voluntatem
1069 2963 1216 3030 parentum

154 3055 189 3112 ad
211 3055 339 3112 maritum
367 3053 567 3120 embolaverit,
599 3053 689 3112 libero
710 3061 822 3124 tamen,
856 3062 922 3112 tuuc
941 3054 1056 3112 maritus
1084 3053 1132 3126 qui
1154 3069 1216 3110 eam

154 3152 261 3224 accepit
272 3168 385 3210 osorem
403 3159 545 3226 conponat
558 3151 674 3224 anagrip
692 3151 797 3208 solidos
814 3169 861 3222 xx,
883 3161 911 3208 et
926 3158 1041 3224 propter
1054 3150 1128 3207 laida
1144 3149 1215 3207 alios

153 3249 267 3321 rigenti.
288 3251 325 3306 Et
344 3249 367 3306 si
381 3250 538 3322 contegerit
558 3256 716 3307 eumentes
737 3250 809 3306 mori
827 3267 910 3323 quam
927 3249 1074 3306 mundium
1095 3247 1155 3320 ejus
1175 3247 1215 3304 la·

153 3347 217 3414 ciat,
231 3363 275 3404 res
284 3347 370 3420 ipsius
380 3347 505 3406 mulieris
515 3348 551 3405 ad
562 3363 626 3406 eum
644 3353 816 3404 revertantur
830 3347 878 3421 qui
890 3347 1037 3405 mundium
1055 3347 1113 3420 ejus
1125 3345 1153 3402 iu
1165 3363 1214 3419 poe

154 3451 277 3502 testatem
293 3447 380 3510 habit,
400 3445 591 3519 uamamplius
601 3443 739 3502 calomnia
751 3445 952 3519 praesumptori
964 3462 1020 3502 non
1033 3450 1212 3516 generentur.

154 3543 221 3600 ldeo
238 3544 336 3616 perdat
347 3543 462 3600 maritus
481 3559 525 3599 res
542 3541 677 3607 mulieris,
696 3559 731 3600 eo
746 3544 822 3616 quod
838 3544 953 3602 mundio
973 3544 1064 3601 lacere
1082 3544 1213 3615 neglexit.

232 3642 319 3700 189.
341 3638 745 3715 (permansissemus.)
787 3641 818 3698 Si
844 3643 966 3714 puellam
992 3650 1040 3698 aut
1059 3641 1160 3702 mulier
1180 3642 1214 3699 li·
1241 3637 1244 3642 ’

153 3741 248 3798 beram
269 3739 441 3797 volontariae
462 3737 660 3810 tornigaverit,
682 3755 745 3796 cum
766 3739 839 3796 liber
858 3747 951 3796 tamen
973 3739 1133 3807 homiuem,
1162 3755 1214 3812 po·

154 3843 279 3894 testatem
301 3837 401 3894 habeat
421 3844 550 3910 parentes
570 3835 599 3892 in
620 3853 683 3895 eam
704 3837 769 3893 dare
790 3837 921 3894 vindicta.
963 3837 1043 3893 Etsi
1064 3836 1135 3892 torte
1156 3853 1213 3892 am-

153 3937 252 3994 uuum
271 3934 392 4008 partium
412 3934 528 4003 steterit,
551 3941 581 3990 ut
601 3934 649 3992 itte
670 3935 718 4008 qui
741 3934 888 4005 lornigavit
909 3951 969 3990 eam
989 3935 1067 3990 tollat
1083 3945 1209 3998 uxorem,

155 4039 298 4108 conponat
317 4048 368 4106 pro
389 4034 482 4106 culpa,
504 4031 534 4088 id
555 4037 596 4088 est
615 4033 747 4105 anagrip‚
778 4033 883 4088 solidos
904 4031 1019 4103 viginti,
1051 4036 1080 4086 ct
1099 4037 1213 4104 propter

153 4133 227 4192 laida
249 4131 318 4189 alios
339 4147 391 4198 ¹¹3
413 4137 443 4189 et
462 4130 485 4188 si
499 4146 556 4187 uon
575 4131 738 4189 convenerit
757 4137 787 4186 ut
798 4145 859 4187 cam
877 4130 977 4188 habeat
995 4145 1121 4200 osorem,
1144 4146 1213 4186 con·

153 4238 241 4306 ponat
259 4228 364 4288 solidos
384 4236 506 4299 centum,
528 4229 706 4288 medietatem
725 4229 803 4300 regi,
825 4235 853 4286 et
872 4229 1049 4286 medietatem
1069 4227 1106 4285 ad
1127 4245 1210 4302 quem

151 4326 284 4388 mundius
304 4327 339 4386 de
359 4343 393 4384 ee
412 4327 592 4400 pertenuerit.
613 4329 650 4386 Et
669 4327 692 4385 si
713 4328 836 4402 parentis
853 4328 975 4388 noluerit
993 4334 1041 4386 aut
1057 4328 1214 4400 neglexerit

151 4425 183 4485 iu
204 4441 266 4486 sam
286 4426 353 4484 dere
373 4425 535 4499 vindictam,
556 4433 623 4486 tunc
640 4428 729 4485 laceat
743 4427 892 4500 gastaldius
913 4427 985 4500 regis
1005 4433 1052 4487 aut
1072 4427 1212 4486 sculdahis

152 4525 243 4599 ipsam
253 4525 288 4582 ad
298 4541 413 4586 manum
422 4524 496 4597 regis
507 4527 616 4598 tollere,
628 4533 655 4584 ct
662 4526 789 4599 judicare
799 4528 834 4585 de
842 4527 901 4601 ipsa
911 4528 986 4602 quod
997 4527 1056 4598 regi
1067 4526 1209 4600 placuerit
