3170 5218
418 536 481 600 128
804 555 967 600 amsrnnrr
990 557 1093 606 neas.

414 715 542 780 tempore
562 709 658 779 postea
678 706 714 762 ab
734 723 833 763 eornm
852 708 1059 766 successoribus
1079 713 1269 775 removeatur,
1292 711 1341 767 sed
1361 725 1465 783 semper

415 805 594 864 commutatio
616 804 675 877 ipsa
695 805 971 876 firmispermaneat;
994 814 1022 863 et
1040 807 1065 865 si
1076 824 1218 865 removere
1229 809 1357 874 voluerit,
1379 825 1465 882 poena

416 903 488 962 inter
508 921 538 960 se
558 903 697 974 conligata
718 911 870 975 conponat

493 1001 596 1076 (Vnt.)
618 1003 673 1059 ld.
694 1001 822 1057 Relatum
840 1009 883 1057 est
897 1002 988 1071 nobis,
1011 1003 1088 1075 quod
1108 1019 1186 1060 nuno
1198 1021 1285 1077 nsque
1305 1005 1368 1061 talis
1382 1003 1466 1060 luissit

412 1100 599 1169 consuitudo,
630 1106 660 1156 ut
680 1100 848 1157 monasteria
868 1100 911 1156 vel
932 1101 1039 1173 reliqua
1060 1103 1121 1159 loca
1142 1104 1331 1172 venerabilia,
1360 1119 1415 1176 que
1439 1101 1464 1158 in

414 1199 578 1257 defensione
605 1197 675 1254 sacri
702 1197 794 1268 palatii
820 1213 879 1254 esse
902 1206 1070 1265 noscantur,
1103 1201 1298 1273 conpositione
1318 1202 1402 1257 dabla
1423 1218 1466 1256 ex-

414 1304 544 1368 egessem
571 1297 606 1353 ab
634 1295 796 1351 bominibus
826 1295 874 1368 qui
902 1295 930 1351 in
953 1295 1012 1367 ipsa
1037 1297 1206 1354 venerabilia
1226 1300 1286 1356 loca
1308 1315 1465 1371 conponere

413 1396 562 1459 devebant,
582 1393 654 1450 sicut
673 1393 758 1449 curtis
778 1393 854 1464 regia
875 1409 994 1464 exegere
1016 1394 1131 1453 videtur.
1163 1397 1243 1454 Nunc
1262 1404 1356 1453 antem
1375 1396 1466 1452 statui·

412 1509 485 1560 mus,
507 1498 537 1549 ut
557 1491 745 1559 monasteria,
769 1491 905 1556 baselica,
929 1493 971 1549 vel
993 1494 1203 1563 exenodocbia,
1226 1511 1298 1568 littae
1319 1495 1355 1551 ad
1375 1494 1465 1567 palatii

411 1591 604 1650 defensionem
625 1604 684 1645 esse
706 1596 877 1660 noscuntur,
908 1589 931 1645 si
959 1591 1155 1663 conpositione
1183 1609 1303 1664 exegere
1328 1592 1464 1661 debuerit,

413 1708 470 1747 non
492 1696 612 1760 erogant
631 1687 702 1743 sicut
722 1687 758 1742 de
778 1703 860 1744 causa
881 1688 959 1758 regia
972 1688 1099 1755 dublum,
1124 1689 1177 1746 nisi
1198 1689 1269 1746 sicut
1289 1691 1343 1747 alia
1356 1707 1466 1748 venera·

411 1788 480 1847 bilia
500 1789 562 1844 loca
583 1792 704 1855 exegonl
725 1801 779 1856 que
800 1786 835 1841 ad
856 1785 960 1858 palatio
981 1803 1039 1842 non
1061 1795 1236 1860 perteneuut

491 1884 614 1962 (Villi.)
644 1884 703 1941 18.
735 1883 764 1938 Si
787 1883 850 1955 quis
870 1885 1071 1955 Langobardus
1096 1888 1313 1959 qualecumque.
1326 1902 1386 1942 rem
1407 1902 1466 1958 pos·

411 1986 531 2054 sederit,
562 1989 590 2040 et
615 1983 897 2039 custodes·locorum
922 1985 1123 2043 venerabilium
1147 1985 1183 2042 de
1209 1985 1276 2058 ipsis
1301 1985 1384 2041 rebus
1405 2000 1465 2040 enm

409 2081 616 2150 molestaverit,
648 2081 756 2153 etipse
776 2082 982 2152 possessionem
1002 2098 1080 2139 suam
1101 2083 1137 2139 de
1158 2084 1271 2156 triginta
1292 2099 1382 2138 annos
1403 2099 1466 2138 con·

409 2182 569 2254 signaverit,
592 2186 619 2236 et
639 2179 698 2251 eJ'us
719 2178 850 2234 claruerit
870 2179 1018 2251 possessio,
1042 2181 1189 2253 possedeat
1208 2188 1236 2238 et
1255 2181 1283 2237 in
1306 2189 1397 2239 antea.
1427 2180 1465 2236 Si·

409 2282 513 2341 militer
533 2288 561 2336 et
581 2277 750 2334 venerabilia
772 2278 832 2333 loca
855 2276 957 2333 iaciant
977 2278 1012 2334 do
1033 2279 1115 2334 rebus
1130 2296 1201 2352 quae
1218 2280 1272 2351 ipsi
1287 2279 1462 2351 possedeant,

410 2381 432 2436 si
454 2397 469 2437 a
491 2375 684 2447 Langobardis
704 2375 807 2430 luerint
828 2376 937 2446 pulsati.
967 2377 1039 2444 Quia
1067 2377 1191 2433 anterior
1210 2377 1325 2434 Edictus
1344 2376 1466 2433 contenit

410 2481 446 2535 dc
466 2476 591 2550 wicque
612 2489 751 2529 annorum
773 2473 995 2545 possessionem,
1020 2481 1049 2530 ut
1070 2474 1117 2546 qui
1142 2475 1296 2546 possederit
1316 2474 1465 2547 perquie-

410 2593 465 2649 que
486 2589 576 2631 annos
596 2571 626 2627 in
648 2569 717 2626 lacic
737 2571 858 2644 ejusqui
875 2571 1034 2643 pulsaverit,
1058 2571 1118 2643 ipse
1135 2573 1289 2629 secundum
1305 2573 1399 2642 legem
1420 2572 1464 2628 de·

409 2672 520 2737 lendat;
548 2675 577 2726 et
602 2670 663 2726 loca
695 2669 862 2725 venerabilia
893 2668 966 2724 inter
992 2685 1021 2725 se
1042 2669 1078 2725 de
1099 2670 1182 2726 rebus
1202 2669 1372 2742 quibuslebit
1400 2687 1464 2743 qua-

354 2810 360 2823 .
409 2771 536 2842 draginta
556 2781 694 2824 annorum
715 2766 853 2838 possessio
875 2766 1045 2822 excluditur:
1068 2767 1132 2824 idec
1149 2768 1255 2840 iustum
1275 2767 1416 2838 duximus,
1439 2775 1465 2822 ut

409 2868 458 2944 qui
479 2883 530 2942 per
549 2864 663 2936 triginta
684 2881 774 2922 annos
794 2864 951 2938 possederit
970 2866 1119 2937 possedeat
1138 2871 1165 2922 et
1185 2865 1215 2922 in
1236 2871 1327 2924 antea.

487 2963 543 3041 (X.)
575 2963 636 3021 19.
665 2962 696 3020 Si
718 2963 780 3036 quis
800 2963 1001 3033 Langobardos
1028 2980 1139 3020 causam
1159 2962 1288 3020 babuerit
1315 2980 1378 3020 cum
1399 2962 1464 3020 locis

408 3062 682 3134 venerabilibusque
703 3060 739 3117 ad
755 3059 949 3118 defensionem
969 3060 1040 3117 sacri
1062 3059 1156 3134 palatii
1176 3077 1236 3118 esse
1257 3068 1421 3130 nuscuntur,
1443 3061 1463 3116 si

408 3161 492 3218 luerit
511 3177 593 3217 causa
614 3158 690 3214 unde
710 3165 913 3216 sacramentum
934 3158 1036 3216 debeat
1055 3159 1226 3231 procedere,
1254 3159 1278 3214 si
1295 3159 1383 3232 judex
1403 3160 1464 3216 aba·

409 3266 476 3324 tem,
500 3257 643 3316 custodem
663 3257 707 3312 vel
730 3257 901 3329 prepositum
923 3257 1091 3329 pulsaverit,
1122 3256 1180 3329 ipse
1201 3256 1229 3312 ei
1250 3255 1415 3314 satisfaciat:
1443 3254 1463 3311 si

408 3363 501 3413 autem
520 3356 592 3423 aba,
622 3361 714 3409 custus
743 3363 790 3410 aut
810 3354 968 3426 prepositus
989 3355 1112 3428 judicem
1134 3355 1302 3429 pulsaverit,
1326 3361 1352 3410 et
1373 3370 1462 3411 sacra·

409 3460 534 3512 mentum
551 3452 645 3508 datum
663 3450 723 3508 lieri
742 3452 879 3521 debuerit,
902 3451 961 3524 ipse
979 3451 1064 3524 judex
1081 3453 1106 3510 ei
1123 3461 1324 3510 sacramentum
1335 3453 1461 3508 deducat.

410 3551 439 3607 Si
460 3567 525 3608 vero
547 3551 617 3606 alter
636 3549 837 3619 Langobardos
858 3549 986 3606 babuerit
1006 3565 1116 3606 causam
1137 3566 1200 3607 oum
1221 3551 1366 3620 abatibus,
1391 3549 1462 3606 unde

409 3648 538 3706 similiter
558 3654 760 3706 sacramentnm
781 3647 932 3705 deductum
952 3647 1012 3704 lieri
1042 3647 1161 3716 debeat,
1191 3653 1378 3720 anteponatur
1406 3648 1462 3720 ipse

408 3747 475 3804 abas
496 3746 591 3810 solus3
624 3761 688 3800 nam
709 3744 777 3800 alius
798 3746 895 3817 quales
916 3744 1050 3814 elegerit,
1082 3746 1179 3818 quanti
1199 3745 1352 3802 secundum
1374 3746 1461 3816 legem

405 3845 497 3917 inrare
512 3842 671 3907 debuerint,
694 3849 898 3898 sacramentum
919 3843 1078 3901 deducant:
1100 3843 1138 3899 ita
1155 3849 1248 3898 tamen
1269 3850 1300 3899 ut
1319 3843 1380 3916 ipse
1401 3841 1463 3898 abas

408 3942 470 3999 talis
491 3942 545 4011 sit,
579 3940 627 4014 qui
658 3957 708 4012 per
728 3943 852 4010 regulam
879 3940 1032 3996 secundum
1054 3941 1145 3996 licum
1166 3941 1253 4005 vivat,
1278 3949 1304 3996 et
1325 3941 1461 4013 subiectos

406 4040 561 4096 monachos
591 4054 679 4111 usque
710 4037 913 4111 quinquaginta
943 4046 971 4094 et
999 4038 1117 4110 amplius
1147 4053 1210 4094 cnm
1239 4056 1274 4095 eo
1300 4039 1462 4109 regulariter

406 4137 508 4194 vivant.
551 4135 583 4192 Si
612 4136 726 4210 quidem
757 4153 821 4192 cum
841 4136 897 4192 alio
917 4136 1061 4192 custodem
1092 4138 1135 4192 vel
1161 4131 1318 4208 prepositus
1338 4137 1375 4193 de
1395 4136 1461 4192 locis

305 4242 311 4254 “
406 4233 612 4292 venerabilibus
633 4249 744 4291 causam
763 4234 902 4304 babuerit,
927 4233 986 4306 ipse
1007 4233 1128 4292 custodis
1149 4235 1192 4290 vel
1207 4234 1356 4306 prepositis
1374 4251 1461 4291 sacra·

406 4338 531 4390 mentum
551 4331 702 4389 deducant.

486 4426 562 4504 (XI.)
604 4417 669 4486 1⁰.
711 4428 826 4501 siquis
848 4445 911 4485 cum
932 4434 1008 4486 curte
1034 4427 1108 4499 regis
1129 4444 1240 4485 eausam
1261 4393 1403 4498 babuerit,
1434 4432 1459 4482 et
1546 4441 1547 4474 ι

300 4591 303 4600 ,
406 4525 530 4584 evenerit
559 4531 589 4582 ut
618 4540 680 4598 pars
701 4524 786 4582 curtis
810 4519 884 4598 regis
905 4531 1106 4584 sacramentum
1136 4525 1272 4583 deducere
1295 4527 1414 4595 debeat,
1437 4523 1457 4580 si
1546 4553 1547 4584 ι
