3172 5228
425 487 466 552 tlt
813 503 967 553 uorssms
991 502 1081 551 sltem

500 657 578 718 nese
598 662 663 720 sunt
681 660 810 728 quattuor
831 670 933 726 genera
953 653 1212 738 manumissionum.
1236 653 1340 714 Tamen
1363 669 1475 710 neeesse

421 762 482 826 est,
505 762 618 828 propter
638 753 720 810 futuri
743 753 875 826 temporis
895 753 1078 818 memoriam,
1104 759 1134 809 ut
1154 752 1271 826 qualiblt
1289 753 1409 810 liberum
1428 756 1476 806 ant

423 855 539 928 liberam
565 851 743 923 thingaverit,
774 853 834 924 ipsa
860 851 1040 916 manumissio
1067 851 1097 908 in
1122 852 1225 908 cartola
1246 849 1380 908 libertatis
1399 865 1474 908 com-

422 958 606 1015 memoraturs
625 958 653 1006 et
661 949 685 1006 si
696 951 829 1006 cartolam
841 965 898 1007 uon
911 948 1016 1018 feeerit,
1036 955 1128 1006 tamen
1141 949 1253 1006 libertas
1265 947 1290 1004 ei
1306 954 1473 1021 permaneat.

502 1050 587 1109 m.
610 1045 663 1120 (lle
680 1048 753 1118 libus
773 1044 884 1119 liberd)
926 1045 956 1103 Si
984 1045 1098 1103 libertus
1124 1045 1172 1117 qui
1193 1045 1309 1104 fulsisse
1329 1046 1414 1104 factus
1434 1052 1476 1102 est

422 1147 495 1204 filius
515 1144 695 1217 dereliquerit
714 1142 879 1214 legetimos,
906 1143 963 1198 sint
983 1143 1023 1200 illi
1045 1142 1172 1205 heredis;
1201 1143 1222 1198 si
1244 1143 1332 1209 filias,
1356 1143 1475 1200 habeant

421 1245 512 1314 legem
532 1259 627 1300 suarna
658 1241 681 1298 si
703 1241 856 1309 naturales,
889 1241 1058 1296 habeantet
1084 1240 1136 1312 ipsi
1157 1242 1248 1310 legem
1268 1256 1366 1296 suam:
1398 1245 1425 1296 et
1451 1239 1473 1296 si

422 1357 514 1398 casum
536 1320 682 1396 facientem
704 1338 764 1406 sine
785 1337 895 1394 heredis
912 1343 1035 1394 mortuos
1050 1337 1144 1404 fuerit,
1167 1344 1195 1394 et
1215 1345 1294 1395 autea
1312 1336 1474 1409 judicaverit

421 1455 450 1494 se
471 1437 531 1493 vivo
551 1453 595 1492 res
615 1452 678 1492 suas
698 1435 842 1508 proprias,
876 1435 906 1490 id
927 1442 968 1491 est
988 1436 1166 1492 andecawere
1187 1442 1215 1490 et
1232 1435 1400 1505 arigewere,
1431 1449 1473 1490 se·

421 1536 543 1592 cundum
562 1536 652 1606 legem
671 1532 929 1604 Langobardorum,
953 1533 1107 1592 babeatcui
1125 1531 1284 1598 donarerit3
1308 1548 1372 1594 narn
1387 1547 1474 1603 quan-

421 1640 479 1701 tum
500 1632 535 1687 de
556 1647 600 1688 res
620 1631 789 1688 benefactori
806 1643 862 1688 suo
883 1647 934 1697 per
955 1631 1060 1688 denum
1087 1629 1199 1700 babuit,
1231 1630 1253 1686 si
1274 1646 1320 1686 eas
1347 1646 1403 1686 non
1425 1629 1474 1689 ob·

416 1729 513 1788 licavit
532 1729 561 1784 iu
583 1729 747 1798 libertatem,
771 1729 812 1784 ad.
827 1728 918 1800 ipsum
933 1737 1081 1800 patronum
1102 1734 1150 1784 aut
1170 1727 1204 1787 ad
1224 1725 1332 1784 heredis
1354 1725 1411 1800 eius
1432 1742 1473 1782 re

422 1833 569 1886 vertantur.
610 1827 645 1884 Et
666 1827 688 1882 si
704 1825 809 1898 aliquit
828 1825 857 1882 in
879 1824 1007 1896 gasindio
1028 1825 1111 1882 doces
1131 1831 1179 1880 aut
1197 1824 1365 1897 privatorum
1386 1822 1470 1882 homi·

422 1940 491 1983 uum
507 1924 672 1998 obsequium
687 1925 792 1980 donum
810 1921 986 1995 conquisivit,
1004 1937 1046 1977 res
1062 1922 1098 1978 ad
1114 1922 1278 1978 donatorem
1294 1927 1471 2007 revertantur.

420 2023 498 2079 Alias
518 2038 596 2078 veros
617 2039 671 2091 res,
694 2022 764 2078 sicut
785 2020 957 2084 dictumest,
981 2019 1002 2075 si
1015 2019 1125 2076 heredis
1143 2036 1199 2075 non
1216 2018 1405 2091 dereliquerit,
1428 2024 1473 2074 aut

420 2135 450 2176 se
471 2120 531 2177 vivo
552 2137 608 2176 uon
627 2117 801 2192 iudicaverit,
825 2125 957 2190 patronus
977 2117 1107 2176 succedat
1127 2117 1198 2173 sicut
1217 2118 1333 2192 parenti.

499 2218 601 2274 ma
629 2217 734 2281 Omnes
754 2210 876 2279 libertis.
910 2215 956 2289 qui
978 2232 993 2271 a
1015 2214 1135 2274 dominis
1156 2195 1210 2270 suls
1232 2213 1421 2289 Langobardls
1441 2213 1473 2268 li-

420 2316 745 2396 bertatemmeruerunt,
768 2313 875 2384 legibus
896 2313 1073 2370 dominorum
1094 2319 1122 2368 et
1142 2311 1363 2368 benefactoribus
1376 2311 1471 2392 ‚rivere

419 2413 554 2480 deveant,
578 2412 730 2468 seeundum
752 2409 872 2489 qualiter
892 2426 907 2466 a
928 2408 1049 2468 dominis
1076 2409 1134 2466 suis
1155 2408 1275 2482 propriis
1299 2410 1340 2466 eis
1360 2423 1473 2470 conces·
1582 2413 1583 2474 j

420 2527 480 2568 sum
501 2510 590 2567 fuerit.
741 2563 763 2578 ,ᾗ
1140 2575 1143 2580 ⁴
1160 2553 1163 2560 .
1582 2487 1583 2522 ³

499 2608 580 2664 w.
602 2604 654 2680 (De
674 2608 850 2678 emptionibus
867 2614 891 2661 cl
906 2603 1125 2690 vendicionibus.)
1148 2603 1178 2660 Si
1201 2605 1262 2689 quis
1283 2606 1473 2680 conparaverit

420 2713 531 2774 terram,
553 2703 582 2760 id
604 2711 644 2759 est
663 2705 753 2760 solum
769 2703 976 2762 aedificandum
997 2711 1043 2760 aut
1063 2720 1125 2760 casa
1144 2703 1321 2777 mancipium,
1344 2711 1373 2760 et
1392 2704 1472 2778 quiu-

420 2818 474 2874 que
502 2818 590 2858 annos
615 2802 687 2858 inter
715 2812 857 2874 presentes
878 2817 1011 2874 personas
1031 2801 1202 2873 possederit,
1217 2809 1386 2875 posteaque
1414 2803 1471 2875 ipse

420 2899 540 2976 pinditur
561 2907 608 2956 aut
633 2900 743 2961 heredis
765 2900 822 2974 ejus
843 2900 1018 2974 pulsaverunt
1038 2899 1158 2957 dicendo
1179 2900 1256 2974 quod
1282 2901 1469 2975 praestetissit,
1581 2941 1582 2962 t

419 3014 484 3054 uam
506 3013 561 3053 nou
583 2997 764 3054 vindedissit:
788 2998 916 3054 ostendet
935 2997 1044 3054 libellus
1061 2997 1177 3069 scriptus
1198 2998 1244 3055 ubi
1261 3006 1372 3070 rogatus
1386 2998 1473 3056 fuissit

419 3095 567 3168 prestandi.
611 3095 689 3159 Etsi
710 3095 820 3152 libellus
841 3111 898 3154 nou
923 3095 1068 3160 babuerit..
1092 3096 1160 3153 nibil
1182 3096 1250 3152 aliut
1270 3096 1470 3164 insistemus,

418 3193 472 3250 nisi
493 3202 603 3268 preveat
630 3200 833 3264 sagramentum
854 3192 1007 3249 secuudum
1027 3192 1188 3264 qualitatem
1208 3195 1364 3274 peguniae,
1397 3192 1472 3266 quod
1580 3269 1581 3278 .

419 3310 481 3350 cum
502 3292 636 3364 praelium
657 3307 737 3348 suum
757 3307 800 3346 res
821 3291 894 3363 ipsas
915 3289 1099 3362 conparant,
1129 3308 1180 3346 nec
1201 3291 1282 3364 alteri
1303 3293 1403 3350 debeat
1423 3306 1472 3364 per
1580 3305 1581 3320 ¹

418 3391 508 3460 legem
519 3389 674 3453 dimittere3
691 3396 756 3445 tunc
772 3388 984 3445 leccatlirmiter
995 3389 1143 3459 possedere
1154 3389 1229 3461 quod
1240 3389 1292 3447 sibi
1303 3392 1469 3463 conparavit

498 3488 584 3544 πθ.
607 3486 662 3560 (De
679 3486 865 3559 possessione.)
898 3485 927 3562 Si
949 3485 1011 3558 quis
1031 3485 1115 3542 alium
1136 3487 1171 3544 de
1192 3503 1251 3542 rem
1272 3487 1404 3544 mobilem
1425 3494 1472 3542 aut

417 3583 583 3642 inmobilem
605 3584 753 3658 pulsaverit
772 3583 848 3657 quod
871 3585 974 3643 malum
990 3582 1088 3640 ordine
1106 3584 1262 3656 possedeat,
1285 3592 1313 3640 et
1329 3599 1471 3657 possessor

418 3681 568 3753 negaverit,
592 3683 629 3738 ita
650 3681 857 3754 prespeximus‚
896 3682 972 3755 quod
1001 3681 1024 3736 si
1053 3698 1102 3754 per
1123 3698 1211 3738 annos
1237 3683 1361 3756 quinque
1389 3681 1471 3740 fuerit

416 3779 574 3852 possessio,
605 3786 670 3836 tunc
694 3778 742 3836 ille
771 3779 818 3852 qui
848 3780 971 3854 possedit
999 3787 1045 3836 aut
1072 3796 1121 3858 per
1145 3787 1350 3850 sagramentum
1371 3780 1471 3836 debeat

419 3893 530 3948 negare,
554 3883 601 3932 aut
621 3893 671 3948 per
692 3892 813 3950 pugnam
834 3877 984 3934 defendere
1005 3877 1028 3932 si
1050 3877 1179 3951 poluerit.

496 3975 584 4032 m.
606 3970 674 4048 (Qui
682 3991 738 4030 rere
746 3976 863 4032 alienans
873 3982 931 4032 erto
939 3972 1114 4050 vindiderit.)
1136 3974 1165 4030 st
1185 3974 1249 4046 quis
1264 3990 1324 4031 rem
1337 3975 1467 4044 alienam,
1578 3957 1579 3988 ³

417 4068 446 4129 id
467 4078 507 4129 est
527 4087 605 4128 servo
626 4077 673 4127 aut
692 4070 791 4128 ancilla
812 4087 862 4128 seu
882 4071 948 4128 alias
975 4087 1041 4140 res,
1064 4071 1153 4127 sciens
1175 4071 1279 4128 alienas
1306 4088 1382 4138 esse,
1410 4087 1468 4128 uon

417 4163 489 4239 suas,
512 4169 677 4242 ubicumque
693 4169 932 4238 transvindederit,
956 4175 985 4225 et
999 4169 1140 4225 inventum
1155 4176 1201 4224 aut
1216 4176 1358 4243 provatum
1375 4169 1467 4240 fuerit,

417 4263 447 4321 in
468 4265 588 4334 actogild
608 4282 669 4321 eam
688 4265 828 4330 restituat;
851 4266 921 4322 etsi
941 4282 993 4339 per
1012 4263 1198 4334 ignorantiam
1214 4264 1379 4336 vindederit,
1402 4272 1468 4324 fune
1577 4265 1578 4292 l

418 4368 528 4434 preveat
541 4369 744 4432 sagramentum
764 4363 839 4434 quod
857 4364 973 4437 eredens
987 4377 1067 4418 suum
1078 4361 1249 4431 vindedissit,
1271 4370 1298 4420 el
1313 4362 1410 4421 reddat
1423 4379 1469 4420 ca-

418 4467 467 4530 put
486 4473 549 4514 cum
570 4459 707 4516 nutrimen
729 4473 807 4514 suum
828 4460 947 4532 qualiter
967 4459 1026 4520 scil.
