3170 5218
384 499 457 579 aaa
553 551 554 558 r

393 678 498 735 inventi
519 678 638 748 suerint,
663 693 729 734 mox
749 677 920 738 subiciuntur
941 678 1065 739 ubuoxii.
1097 679 1132 738 Ut
1152 680 1182 736 iu
1203 679 1264 737 iuro
1285 687 1392 751 nostru,
1415 680 1445 736 in

393 793 448 850 quo
469 776 614 834 universae
635 782 746 833 nostrae
776 777 929 851 reipublice
959 779 1071 849 negotia
1098 779 1172 851 justo
1201 779 1328 836 examina
1354 779 1447 836 venti-

395 876 505 940 lantur,
538 876 644 932 nullam
673 875 794 932 habeant
814 883 909 949 postea
932 876 1161 934 communionem
1181 877 1302 948 degendi
1324 882 1370 934 aut
1390 877 1446 934 liti-

395 974 478 1045 gandi
499 973 572 1031 inter
592 981 714 1047 satrapes
736 982 763 1031 ut
783 975 957 1046 magistratus
977 982 1003 1032 et
1025 976 1153 1032 consules
1163 990 1172 1045 3
1201 975 1265 1048 quia
1286 975 1445 1032 nostrorum

393 1079 420 1128 et
440 1089 537 1128 eurum
566 1073 732 1130 rethoricam
761 1075 942 1147 ceuoiosijam
971 1074 1064 1131 sedare
1094 1074 1239 1131 ridentur:
1273 1074 1322 1130 sed
1344 1090 1447 1130 mora

393 1171 493 1229 nostris
514 1173 670 1246 presulibus
691 1171 764 1245 capti
792 1179 839 1228 aut
858 1172 995 1243 igniferae·
1013 1171 1152 1245 coquinae
1181 1173 1237 1230 sire
1258 1173 1357 1229 latrina
1379 1179 1447 1228 ster-

393 1285 458 1326 cora
478 1272 519 1327 vet
542 1287 658 1328 cenosas
678 1270 774 1326 sordes
794 1272 969 1328 cloauharum
996 1271 1113 1328 civitatis
1134 1278 1162 1326 et
1183 1271 1356 1343 sterquilinia
1376 1287 1445 1343 pon-

392 1368 461 1423 tium
483 1375 510 1424 et
530 1370 751 1442 aquaeductuum
773 1370 888 1426 curandi
910 1369 1010 1426 officiis
1030 1376 1112 1442 atque
1134 1369 1270 1442 purgandi
1292 1371 1443 1428 tradantur.

393 1465 422 1521 Si
444 1466 505 1538 quis
526 1467 610 1538 igitur
630 1487 664 1526 ex
685 1469 786 1525 uostris
808 1469 981 1541 praesulibus
1011 1486 1044 1524 ea
1075 1485 1145 1541 quae
1172 1467 1298 1540 superius
1327 1467 1445 1525 diximus

391 1563 483 1621 iacere
503 1565 653 1637 distulerit,
675 1567 783 1622 honore
802 1582 886 1639 quam
904 1583 919 1622 a
935 1567 1016 1623 nobis
1037 1568 1162 1639 accipere
1174 1567 1327 1639 promeruit
1341 1573 1440 1624 careat.

393 1668 421 1717 st
441 1662 566 1736 quinque
588 1664 721 1722 librarum
749 1664 809 1722 auri
829 1665 955 1739 pondera
983 1666 1018 1722 de
1043 1683 1093 1722 suu
1121 1668 1235 1739 proprio
1262 1673 1373 1722 nostrae
1400 1683 1445 1722 ca-

391 1775 482 1817 merae
503 1767 620 1833 cogatur
639 1764 808 1837 persolvere.
