3170 5218
474 541 611 586 norcrutr
635 541 702 590 cir.
724 538 865 582 too-tao.
1135 523 1197 591 tot

139 690 229 747 adhuc
248 691 337 764 major
363 689 467 747 malitia
496 696 538 747 ost
558 689 672 766 quando
693 691 779 748 homo
809 691 844 748 ad
864 692 1011 750 moliorem
1032 709 1108 752 suam
1129 695 1199 752 inle-

139 787 225 845 citum
246 788 393 844 consilium
415 787 527 859 tribuit,
560 805 644 862 quam
674 790 697 846 si
724 790 760 847 ad
789 791 908 847 alterum
930 791 1072 849 hominem
1094 795 1199 852 malum
1258 857 1265 867 ,

138 885 286 944 consilium
308 887 431 945 dedissit.
953 957 956 972 Ι
1025 951 1027 958 ,

219 980 288 1056 (tl.)
320 987 399 1042 181.
432 983 461 1040 Si
482 983 545 1056 quis
566 983 775 1051 comendavcrit
795 1001 840 1040 res
860 1001 923 1041 suas
949 985 979 1041 in
1001 986 1199 1062 cujuscumque

139 1096 201 1138 casa
223 1081 258 1136 do
279 1081 450 1136 conlibertos
471 1096 537 1136 suos
558 1079 648 1137 libero
671 1081 831 1151 hominem,
858 1089 886 1138 et
914 1085 1070 1155 contegerit
1096 1091 1127 1141 ut
1151 1087 1200 1143 ad·

139 1179 255 1236 veniens
278 1180 320 1234 lur
341 1196 385 1235 res
406 1180 479 1252 ipsas
502 1179 651 1248 furaverit,
684 1186 712 1236 et
738 1180 798 1252 ipso
826 1179 856 1236 in
878 1181 955 1253 cujus
976 1199 1039 1239 cosa
1060 1182 1134 1256 ipsas
1155 1201 1199 1241 res

139 1277 250 1333 fuerunt
270 1276 446 1347 reddederit,
479 1285 526 1334 aut
546 1277 569 1333 si
598 1295 655 1332 nou
676 1278 826 1334 redderent
853 1285 945 1335 tamen
973 1279 1091 1337 reddere
1112 1280 1198 1342 debit.

138 1375 174 1430 Et
194 1392 246 1430 nos
266 1375 304 1431 ita
324 1375 467 1432 statuimus
489 1382 516 1431 et
537 1375 709 1446 diffinimus,
742 1383 772 1432 ut
802 1377 851 1450 qui
878 1394 922 1432 res
949 1377 1055 1435 alienas
1085 1397 1199 1438 comen·

139 1471 216 1529 datas
247 1473 421 1544 susceperit,
455 1479 483 1529 et
519 1489 564 1530 eas
599 1473 777 1545 perdederit,
821 1475 946 1531 restituat
978 1492 1021 1532 res
1055 1475 1129 1550 ipsas
1156 1477 1200 1534 cui

139 1570 267 1632 luereut3
288 1578 315 1625 et
335 1571 357 1626 si
379 1579 475 1644 postea
496 1570 555 1644 ipse
577 1571 664 1626 furtos
678 1570 912 1642 inventusfuerit,
935 1572 960 1628 ei
978 1582 1119 1648 conponat
1139 1574 1199 1649 ipsc

137 1668 225 1723 lurtus
252 1666 288 1724 de
318 1667 395 1724 cuius
416 1685 508 1726 casam
528 1664 601 1742 ipsas
623 1684 667 1724 res
688 1668 779 1742 rapuit
798 1675 845 1725 aut
875 1669 986 1727 furavit.
1030 1670 1103 1740 Quia
1133 1671 1198 1730 idco

136 1765 192 1822 hoc
213 1763 425 1839 prospeximus,
460 1766 594 1839 quoniam
622 1767 645 1823 si
675 1765 716 1822 illi
746 1772 888 1839 conponat
916 1768 1008 1840 ipsum
1029 1769 1132 1826 furtum
1153 1770 1198 1828 cui

136 1880 181 1920 res
201 1863 275 1936 ipsas
296 1863 388 1933 fuerit,
411 1871 507 1936 postea
528 1863 576 1920 ille
598 1863 675 1935 cujus
697 1879 788 1920 casam
810 1863 885 1937 rupit
905 1870 1035 1937 quereret
1055 1873 1198 1939 rupturam

136 1979 200 2018 case
221 1977 302 2027 suae;
332 1967 360 2017 et
387 1978 444 2016 non
476 1978 621 2033 possumus
652 1961 681 2018 in
713 1978 796 2018 unam
818 1977 929 2025 causam
958 1962 1026 2019 duas
1047 1965 1198 2023 calomnias

136 2059 277 2132 inputare.
304 2056 425 2132 ideoque
446 2058 486 2114 sic
508 2057 589 2114 nobis
606 2059 711 2131 justum
733 2058 794 2128 fuit,
818 2064 848 2114 ut
867 2058 914 2114 ille
937 2059 984 2131 qui
1005 2077 1049 2117 res
1070 2077 1132 2118 suas
1153 2079 1199 2118 co-

136 2157 279 2214 mendavit
299 2157 422 2230 recepiat
444 2174 490 2213 eas
510 2157 545 2213 ab
567 2158 645 2231 ipso,
669 2156 704 2214 de
725 2157 802 2229 cujus
824 2173 886 2213 casa
907 2157 1069 2231 perierunt;
1092 2160 1198 2233 etipse

137 2257 172 2312 dc
194 2257 271 2329 cujus
292 2272 354 2312 casa
375 2255 520 2328 perierunt
541 2263 587 2313 aut
607 2255 698 2329 ipsum
720 2253 822 2310 furtum
851 2239 948 2312 exivit¹
962 2263 1061 2328 querat
1080 2257 1117 2313 ab
1137 2257 1198 2331 ipso

136 2355 235 2411 turone
258 2353 501 2428 conpositionem,
532 2361 560 2408 et
581 2355 660 2410 tollat
679 2352 751 2409 sicut
771 2353 816 2408 lex
837 2359 895 2408 est:
920 2361 948 2409 et
967 2353 1027 2427 ipse
1049 2354 1108 2425 fur,
1132 2355 1199 2412 lecit

134 2451 297 2510 malefactor
317 2452 361 2522 sit,
386 2469 442 2508 non
465 2452 564 2509 habeat
585 2452 619 2508 de
641 2469 696 2507 una
718 2468 800 2507 causa
822 2451 890 2507 duas
912 2452 1074 2509 calomnias.

217 2549 294 2625 (tlt.)
325 2551 408 2608 132.
441 2550 470 2606 Si
498 2549 559 2622 quis
589 2549 780 2606 fraudolenter
801 2548 895 2605 tolerit
915 2531 1045 2608 ancillam
1066 2551 1197 2618 alienam,

134 2657 163 2706 et
183 2649 284 2706 dixerit
304 2649 379 2722 quod
402 2665 463 2704 eam
484 2663 577 2710 servus
598 2653 645 2704 aut
665 2647 754 2704 aldius
776 2647 862 2720 ipsius
889 2646 989 2704 tolissit
1015 2649 1051 2705 ad
1071 2666 1196 2721 oxorem,

136 2753 164 2804 et
184 2753 281 2821 postea
302 2746 401 2803 veritas
422 2745 571 2802 clarificata
593 2745 676 2803 fuerit
696 2744 772 2818 quod
794 2761 851 2801 ooo
874 2762 935 2802 eam
956 2746 1016 2818 ipse
1038 2763 1132 2803 servus
1153 2754 1201 2804 aut

135 2845 225 2901 aldius
247 2844 364 2901 tolissit:
388 2849 469 2913 tunc,
492 2843 614 2916 primum
635 2843 773 2914 omnium,
797 2843 895 2900 reddat
914 2843 1006 2918 ipsum
1027 2843 1199 2918 mancipium

135 2943 212 3015 cujus
234 2942 284 2999 fuit
304 2948 332 2998 et
352 2939 387 2996 sit
408 2941 466 3013 ejus
479 2941 609 2998 ancillam
625 2939 702 3012 cujus
720 2948 801 2996 antea
813 2940 921 3006 iuerat;
944 2947 972 2996 et
991 2942 1039 2998 ille
1060 2934 1108 3014 qui
1127 2941 1199 3000 hanc

135 3039 262 3097 fraudem
284 3039 380 3095 fecerit
409 3039 451 3095 dit
478 3040 593 3113 insuper
621 3037 703 3096 aliam
733 3039 817 3095 talem
838 3038 970 3095 ancillam
991 3045 1038 3095 aut
1058 3039 1199 3096 aldianem

136 3137 228 3194 eidem
258 3132 372 3195 homeni
402 3138 446 3193 cui
469 3137 593 3195 fraudem
616 3137 696 3202 fecit,
724 3143 751 3192 et
772 3137 871 3193 reddat
892 3153 991 3210 operas
1013 3137 1047 3193 de
1068 3137 1128 3210 ipsa
1150 3155 1200 3194 an·

135 3236 229 3294 cillam
251 3252 335 3308 quam
356 3235 546 3292 fraudolenter
567 3235 639 3304 tolit,
665 3235 798 3307 quamdiu
819 3251 880 3290 eam
902 3234 999 3290 habuit
1020 3227 1087 3308 aput
1107 3252 1145 3294 se.

217 3331 306 3406 (llll.)
328 3337 411 3392 las.
434 3334 464 3390 Si
486 3335 548 3407 quis
568 3334 641 3390 liber
659 3333 743 3388 homo
765 3334 795 3388 in
815 3349 907 3390 casam
924 3333 1043 3390 alienam
1061 3333 1216 3408 introierit,

47 3425 50 3434 ’
135 3432 171 3490 ad
191 3432 377 3488 resedendum
397 3439 425 3490 ot
441 3432 465 3490 ei
485 3449 599 3489 censum
611 3431 797 3496 reddendum,
824 3438 852 3488 et
869 3431 1087 3505 posteaaliquid
1102 3432 1200 3488 emerit

136 3532 171 3587 de
192 3529 248 3586 illis
267 3531 350 3588 rebus
371 3547 440 3603 quas
462 3547 556 3586 secum
573 3529 690 3588 adduxit
709 3530 822 3602 quando
844 3529 873 3585 in
888 3529 976 3601 ipsam
995 3545 1087 3585 casam
1102 3529 1199 3586 introi·

136 3627 184 3698 vit,
208 3635 256 3686 aut
277 3627 406 3686 forsitans
420 3629 550 3686 habuerit
570 3645 613 3684 res
630 3629 665 3684 de
676 3628 824 3686 mulierem
836 3645 914 3685 suam
931 3635 959 3684 et
972 3629 1074 3686 exinde
1089 3629 1197 3699 emerit,

136 3732 164 3782 et
185 3733 328 3798 provatum
350 3728 450 3792 fueril;
481 3733 547 3782 tuuc
568 3727 660 3801 ipsum
687 3727 831 3798 negotium
853 3726 974 3783 dimittat
994 3726 1024 3782 in
1045 3726 1133 3798 ipsam
1155 3743 1200 3783 ca·

137 3840 206 3894 sam,
230 3830 258 3880 et
279 3824 395 3900 recipiat
415 3825 535 3898 pretium
556 3841 646 3882 suum.
689 3826 727 3881 Et
740 3825 806 3898 nipsa
827 3824 953 3898 provatio
973 3825 1002 3880 in
1024 3824 1078 3880 hoc
1099 3823 1199 3880 ordine

138 3923 236 3978 deveat
256 3921 329 3991 fieri,
344 3929 383 3996 ,ut
403 3923 516 3996 quando
538 3923 573 3978 de
594 3922 687 4012 rebus⁸
699 3922 823 3979 mulieris
843 3938 909 3978 suae
937 3920 1045 3994 aliquid
1065 3937 1200 3994 conpara-

136 4021 216 4091 verit,
240 4021 358 4078 adducat
378 4022 507 4078 homenis
527 4020 574 4093 qui
596 4020 685 4077 sciant
705 4021 781 4094 quod
803 4020 894 4092 ipsum
915 4019 1039 4090 precium
1060 4019 1095 4076 de
1116 4021 1199 4076 rebus

136 4119 260 4176 mulieris
282 4136 346 4176 suae
367 4119 422 4186 sit;
454 4127 485 4176 ut
515 4135 625 4176 causam
655 4118 744 4191 ipsam
775 4135 832 4175 non
861 4119 955 4174 veniat
975 4117 1010 4174 ad
1032 4118 1195 4191 periurium,

136 4218 187 4275 sed
208 4219 319 4290 quando
341 4216 459 4273 voluerit
474 4217 568 4290 jurare
590 4216 666 4289 quod
688 4216 723 4273 de
750 4217 832 4272 rebus
854 4213 977 4272 mulieris
1007 4232 1074 4272 suae
1095 4232 1198 4288 conpa-

136 4317 274 4373 rationem
295 4317 367 4374 facta
387 4315 486 4384 fuissit,
510 4321 537 4371 et
558 4314 603 4372 illi
620 4313 697 4370 testis
714 4315 831 4371 firmiter
853 4314 942 4371 sciant
963 4321 990 4370 et
1007 4313 1112 4387 jurent,
1133 4313 1198 4386 quia

136 4414 313 4484 interfuimus
334 4415 444 4485 quando
464 4415 525 4484 ipro
546 4415 705 4485 conparatio
726 4415 760 4469 de
779 4415 857 4470 retus
878 4414 999 4468 mulieris
1020 4414 1104 4484 ipsios
1124 4413 1198 4480 factu

138 4519 193 4572 est:
222 4519 250 4570 et
269 4512 309 4572 sio
329 4519 425 4586 postea
445 4509 562 4584 recipiat
581 4511 702 4585 pretium
723 4528 822 4578 suum,
853 4517 881 4568 et
908 4510 970 4583 ipso
991 4509 1134 4582 negotium
1154 4525 1199 4566 re-
