3170 5218
1081 513 1167 593 323

161 687 353 752 firmaverint
383 687 538 752 Romanos
568 707 630 754 uon
663 688 721 756 nisi
756 699 827 771 post
865 683 1055 754 Caracallum
1083 712 1168 756 ¹vasa

161 801 341 869 adhibuisse
376 801 585 886 (fallacissima
618 803 773 866 sententia
804 801 903 866 innixi
933 805 1047 866 circum
1061 815 1064 822 '
1078 823 1168 886 prae·

161 912 277 976 dictum
308 913 400 976 huius
430 913 557 997 Augusti
586 935 666 996 opus
695 935 782 988 esse,
816 935 886 980 cum
910 917 1097 998 posteriores
1120 917 1167 979 in·

161 1024 398 1107 uestigatIones‚
433 1005 554 1090 detecta
583 1026 804 1108 inscriptione,
835 1049 944 1091 verum
977 1029 1168 1094 restituerint

160 1134 346 1221 auctorem),
373 1157 431 1229 ego
455 1159 528 1201 vero
552 1157 626 1202 rasa
640 1139 725 1214 uidi,
751 1139 813 1204 imo
837 1141 1004 1224 amphoras
1028 1151 1163 1216 ansatas,

160 1249 193 1312 in
225 1247 365 1316 aedeficii
400 1249 558 1314 cuiusdam
581 1251 861 1319 substructionibus
900 1267 939 1318 ex
974 1253 1163 1335 amplector,

161 1382 239 1446 quas
262 1363 312 1426 me
335 1363 404 1445 ipso
427 1363 584 1432 intuente,
620 1365 776 1447 Augustae
800 1366 977 1430 Praetoriae
1004 1366 1037 1428 in
1066 1366 1167 1430 Iuoem

160 1475 655 1557 prodieruntannorrncccuxrx‚
683 1478 770 1543 cuius
787 1479 893 1562 oppidi
918 1479 1034 1544 nullum
1058 1499 1166 1544 saxum

159 1588 292 1653 habetur
321 1589 405 1672 quod
434 1567 595 1654 Octaviani
623 1592 751 1673 Augusti
786 1599 920 1656 aetatem
942 1589 1015 1676 [non
1038 1590 1164 1665 referat,

159 1700 227 1781 ipse
251 1701 334 1766 etum
357 1722 445 1770 uuus„
459 1702 612 1766 coloniam
636 1703 742 1770 duxit,
770 1705 905 1786 templa,
932 1705 1037 1781 aedes,
1065 1705 1167 1771 muros

160 1812 265 1888 dedit,
301 1814 448 1902 nullaque
483 1823 634 1879 structura
671 1824 737 1885 est,
777 1815 860 1880 nulla
897 1817 1056 1900 inscriptio
1085 1837 1166 1907 quae

158 1925 346 2006 posteriores
370 1925 518 1990 Caesares
542 1937 692 1992 memoret
721 1929 770 1992 vel
802 1929 878 2010 ipsis
908 1908 1088 1999 referatur..
1117 1933 1165 1994 En

159 2056 233 2119 ergo
258 2058 399 2103 vasorum
423 2060 496 2102 usus
520 2061 539 2103 a
562 2041 709 2105 Romanis
732 2049 878 2123 acceptus
902 2043 1044 2125 Augusto
1068 2045 1166 2127 impe-

159 2157 256 2216 rante.
304 2153 390 2214 Nune
413 2153 454 2216 de
477 2171 585 2216 eorum
608 2153 710 2216 officio
735 2155 854 2230 dicam,
880 2156 932 2218 ubi
956 2157 1034 2220 alius
1058 2158 1166 2242 vulga-

159 2271 208 2326 tus
238 2284 342 2339 error3
377 2265 473 2327 nostri
508 2266 591 2328 eninr
622 2267 787 2347 scriptores
819 2266 955 2343 habent,
988 2271 1111 2333 nonnisi
1133 2271 1165 2334 in

160 2377 252 2440 tholis
281 2386 314 2441 et
336 2377 505 2441 fornicibus
528 2399 602 2442 vasa
624 2378 762 2442 adhibita
792 2378 904 2442 fuisso:
936 2379 1073 2444 adferam
1107 2403 1165 2467 ego

160 2497 345 2554 memoratas
378 2491 545 2578 amphoras
573 2493 729 2574 Augustae
762 2492 938 2556 Praetoriae
967 2487 1110 2558 extantes
1132 2496 1163 2559 in

160 2602 458 2679 substructionibus,
498 2604 635 2668 adferam
675 2625 756 2687 quae
791 2605 930 2669 visuntur
962 2612 1165 2691 (quamquam

159 2716 286 2779 eruditis
309 2715 428 2801 Ignota)
453 2719 569 2782 Romae
592 2719 631 2781 ad
655 2727 776 2799 portam
797 2718 1001 2789 Tiburtinam,
1028 2722 1165 2805 itemque

159 2849 256 2911 prope
278 2831 508 2913 Nymphaeum,
535 2829 579 2896 uti
602 2840 730 2901 vocant,
757 2832 908 2914 Egeriae,
943 2834 996 2894 ubi
1027 2835 1162 2917 parietes

159 2949 299 3023 prostant
321 2943 480 3024 amphoris
504 2939 803 3028 oIIIsquerrefertae.

245 3055 375 3120 Veteres
407 3057 524 3138 itaquo,
551 3056 724 3140 optimique
756 3056 823 3118 aeri
848 3057 1008 3120 architecti
1033 3077 1106 3120 vasa
1130 3059 1162 3120 in

160 3189 256 3252 opero
278 3169 429 3232 fornicato
453 3187 553 3252 aeque
586 3177 617 3232 et
638 3169 671 3231 in
693 3169 797 3232 muris
829 3169 1054 3238 adhibuerunt,
1092 3177 1177 3248 tuuc„

160 3281 291 3344 inditum
314 3301 430 3345 nomen
448 3281 500 3344 Iex
524 3290 631 3345 nostra
655 3281 792 3343 omnium
819 3265 919 3363 prima
942 3281 1059 3364 aperit,
1097 3302 1166 3346 eao-

161 3393 274 3458 cahum
316 3393 452 3457 seilicet:
501 3393 633 3457 nominis
680 3401 785 3456 autem
830 3412 923 3456 causa
965 3393 999 3461 ia
1039 3416 1091 3458 eo
1119 3404 1166 3459 est

158 3507 242 3588 quod
265 3513 433 3568 structores
451 3506 522 3567 VIII
537 3505 653 3568 saeculi
671 3505 774 3587 parvis
798 3505 891 3582 vasis,
918 3505 1037 3571 scilicet
1059 3529 1166 3572 cacca-

132 3617 218 3686 *bis,
243 3618 292 3681 usi
316 3626 437 3709 esseut,
469 3615 685 3682 deficientibus
709 3617 893 3682 maioribus:
927 3599 1024 3701 quam
1056 3641 1165 3705 vocem

159 3728 306 3793 inferiore
327 3730 381 3792 illo
404 3749 482 3793 aevo
505 3729 642 3794 habitam
665 3729 775 3800 brisso,
807 3713 930 3813 probat*
951 3738 982 3794 et
1005 3739 1093 3794 vetus
1114 3753 1165 3796 ro-

159 3859 251 3909 mana
283 3844 412 3907 basilica
441 3845 470 3908 S.
495 3843 612 3907 Mariae
635 3843 666 3905 in
690 3842 884 3906 Caccabariis
908 3842 1009 3906 dictae
1032 3862 1050 3909 a
1074 3843 1165 3906 turba

161 3940 409 4034 caccabariorum
433 3955 585 4020 artificum
608 3956 694 4020 iuxta
716 3956 802 4020 illam
825 3955 1028 4027 morantibus
1054 3955 1166 4037 probat

161 4076 193 4132 st
214 4069 399 4142 vocabulum
422 4072 589 4132 coccchotuc
611 4089 666 4132 seu
684 4067 875 4150 <denigratus
898 4066 1046 4149 Iuligine,
1081 4068 1165 4150 quod

161 4181 192 4246 in
215 4181 246 4250 S.
270 4181 389 4245 Paulini
427 4183 537 4247 Nolani
568 4180 658 4266 epist
683 4179 727 4242 32
748 4179 875 4263 legitur,
913 4179 1047 4262 probant
1069 4179 1165 4261 scrip-

160 4301 247 4358 tores
266 4294 310 4358 ibi
333 4293 417 4358 allati
440 4295 480 4358 ad
502 4302 607 4360 nomm
624 4291 700 4368 rto,
728 4310 849 4358 necnon
868 4293 951 4375 apud
963 4291 1163 4376 Ducangium.
