3170 5218
1003 527 1162 591 ‘13

157 702 231 763 tudo
261 701 454 764 numeranda
486 701 525 762 sit
555 702 593 763 ab
623 702 684 764 ima
715 701 876 764 machinae
909 705 1099 770 tabulationc
1122 709 1161 770 ad
1260 701 1262 704 ’

157 833 310 876 summum
334 835 419 895 opus.
446 813 565 889 Quibus
580 815 684 876 verbis
711 813 791 880 inest
815 815 906 878 etiam
931 835 1045 878 novum
1069 837 1160 900 argu·
1229 802 1238 892 ,¹

157 935 296 990 mentum
328 927 366 988 ad
390 927 661 990 demonstrandam
694 946 798 990 veram
824 928 1047 1010 Langobardici
1072 931 1160 1011 pedis

155 1039 389 1121 longitudinem,
416 1059 582 1124 eamquea
607 1045 712 1102 vetere
731 1041 869 1103 Romano
883 1039 1008 1104 minime
1026 1043 1157 1106 abesse:

156 1145 434 1216 caementariorum
464 1153 547 1216 enim
577 1173 643 1215 mos
679 1161 725 1215 est
755 1173 882 1235 operam
906 1155 1022 1218 ducere
1043 1164 1160 1219 stantes

156 1265 188 1326 iu
225 1265 387 1340 machina,
426 1265 527 1348 sitque
556 1287 612 1347 pes
641 1267 699 1328 ista
729 1266 868 1349 aequalis
900 1269 1039 1331 Romano
1072 1271 1156 1350 pedi,

156 1378 340 1441 habebimus
364 1378 558 1440 altitudinem
582 1386 671 1440 metr.
705 1378 823 1453 tara,
862 1380 941 1444 ultra
971 1401 1065 1463 quam
1088 1403 1159 1464 per·

155 1490 279 1553 difficile
303 1489 381 1554 loret
404 1491 501 1554 cuivis
524 1492 666 1555 sanatori
690 1492 783 1555 stanti
802 1493 833 1553 in
852 1502 1006 1576 pegmate,
1034 1494 1158 1559 brachia

156 1609 328 1684 manusque
347 1603 521 1672 sublevare,
557 1623 696 1687 opusque
727 1604 880 1670 conficere
910 1607 1071 1669 commode
1089 1626 1161 1690 pro-

155 1715 355 1797 spicientibus
379 1717 496 1778 oculis:
523 1725 646 1798 oportet
669 1717 751 1780 enim
775 1726 808 1781 ut
828 1717 950 1806 humeri
968 1717 1098 1782 altitudo
1120 1722 1158 1782 ab

156 1829 260 1909 operis
283 1829 422 1891 struendi
446 1830 631 1911 proceritate
654 1849 716 1892 non
736 1831 781 1893 sit
803 1839 955 1912 superata.

237 1943 282 2003 -Io
304 1944 506 2021 longitudinem
526 1964 590 2005 cero
614 1963 762 2004 eameram
778 1954 822 2005 ter
838 1948 939 2023 quinos
953 1964 1007 2025 per
1021 1948 1156 2006 tremisse.

155 2053 312 2148 Obscurus
336 2055 428 2137 plane
452 2055 549 2129 locus,
583 2057 621 2118 ad
652 2077 745 2138 quem
769 2056 987 2118 declarandum
1011 2057 1159 2137 praemit·

154 2167 247 2229 tenda
278 2177 323 2230 est
349 2167 540 2252 ‚hypothesis
568 2168 793 2250 longitudinem
826 2168 904 2232 muri
937 2167 987 2230 hio
1011 2188 1079 2230 esse
1102 2189 1158 2249 pro

153 2281 346 2362 longitudine
379 2280 517 2344 interiori
548 2302 601 2344 sen
626 2281 845 2344 crassitudine:
884 2280 1155 2364 datahypotbcsi,

153 2392 305 2456 habemas
331 2413 397 2456 rem
426 2394 526 2475 ipsam
562 2393 703 2474 superius
733 2413 751 2454 a
777 2392 953 2474 legislatore
974 2395 1158 2475 productam

153 2507 332 2584 duplicentur
346 2509 483 2568 mercedes
507 2517 578 2571 eta:
605 2506 673 2569 voci
697 2506 803 2587 itaque
826 2508 968 2586 terquinos
991 2507 1159 2588 respondet

156 2619 297 2699 superius
321 2619 504 2681 vocabulum
528 2621 723 2698 subquiaetar.
765 2618 906 2681 Forsitan
929 2618 1022 2681 etlam
1045 2618 1159 2681 iutelli-

152 2732 288 2814 gendum
313 2741 374 2799 est,
403 2738 435 2792 ut
464 2731 678 2794 caementariis
702 2732 733 2792 in
757 2731 899 2793 machina
923 2731 1073 2794 stantibus
1096 2733 1158 2794 sol-

155 2850 243 2905 vatur
265 2843 421 2905 tremisses
444 2864 502 2924 pro
528 2845 612 2905 omui
636 2852 801 2926 augmento
826 2843 1034 2906 crassitudinis
1058 2865 1159 2906 mura-

153 2955 190 3016 lis
215 2956 253 3017 de
277 2955 374 3018 tribus
398 2957 429 3017 iu
453 2957 549 3018 tribus
574 2977 613 3018 ex
636 2957 774 3038 quinque
792 2955 930 3035 partibus
954 2954 1159 3038 podia..llaec

153 3074 256 3128 autem
279 3087 336 3148 pro
360 3067 548 3129 divinatione
572 3065 752 3130 habeantur.

241 3180 378 3241 Similiter
400 3190 426 3239 et
449 3183 473 3239 si
495 3200 609 3240 maram
625 3181 805 3246 dealbaverit,
832 3180 956 3239 tendenti
967 3179 1051 3256 pedes
1070 3179 1158 3238 cadat

150 3295 345 3372 paeantidem
367 3313 487 3356 anam«
521 3292 588 3353 llo'o
611 3293 653 3353 in
667 3292 749 3364 loco,
784 3311 844 3352 vox
869 3288 1157 3352 dealbam'cellecti-

153 3414 225 3466 vum
251 3405 433 3467 vocabulum
456 3414 503 3466 est
526 3405 654 3486 perfecti
678 3405 780 3486 operis
804 3402 933 3468 tectorii.

241 3518 281 3578 Et
304 3521 330 3578 si
351 3539 415 3579 cam
436 3537 508 3578 occec
530 3519 662 3579 clauserit
683 3527 710 3576 ct
725 3535 811 3596 opera
828 3517 930 3592 pellica
945 3517 1053 3593 fecerit,
1079 3517 1154 3576 mille
1226 3497 1229 3504 ¹

88 3630 93 3640 “
156 3635 299 3713 quingenti
324 3636 407 3713 pedes
429 3635 461 3693 ia
483 3633 572 3693 solido
596 3633 693 3691 oeata'to
725 3632 841 3695 cadant.
896 3628 1001 3710 Opera
1033 3619 1182 3710 gallicas

156 3768 210 3808 seu
247 3767 324 3827 opus
354 3745 516 3828 gallicum,
560 3763 640 3806 nova
678 3763 752 3806 sane
782 3762 844 3804 vox
874 3749 905 3804 ot
936 3739 1157 3823 glossatoribus

155 3859 271 3941 ignota,
298 3858 418 3922 videtur
443 3855 517 3920 milri
538 3854 633 3918 fuisse
651 3856 704 3918 illa
722 3863 823 3918 aetate
839 3851 1050 3916 denominatio
1072 3851 1159 3913 tabu-

89 3964 92 3970 ’
156 3973 288 4036 latorum
317 3973 382 4034 sive
410 3971 561 4052 parietum
591 3989 630 4030 ex
662 3967 815 4042 asseribus
848 3965 941 4026 aedes
971 3963 1157 4044 sapientium

157 4087 206 4149 vel
239 4086 333 4148 cellas
367 4082 586 4148 dividentium,
630 4080 681 4143 illo
714 4080 795 4142 enim
835 4085 974 4156 tempore
1006 4075 1156 4170 plurimae
1210 4131 1213 4137 .

158 4201 357 4262 struebantur
386 4198 508 4280 ligneae
538 4195 644 4266 aedes,
678 4193 722 4254 uti
758 4191 838 4272 apud
864 4187 967 4250 Gallos
992 4185 1037 4272 (et
1061 4187 1155 4249 hodie

156 4333 281 4396 quoque
304 4310 473 4394 generatim
500 4316 586 4372 extra
610 4301 743 4387 ltaliam)
770 4323 836 4365 mos
860 4300 960 4364 adhuc
984 4301 1078 4383 viget,
1105 4299 1160 4380 qui
