3170 5218
402 565 464 628 1‘08
784 579 969 623 almannum
992 577 1083 622 amois

400 736 512 792 dolium
532 733 777 806 adiudicandum,
799 731 984 803 prospeximus
1004 745 1076 785 muno
1100 729 1209 798 talpae
1229 726 1322 784 Edicta*
1350 739 1458 798 conpore
1558 723 1559 730 ’

400 837 535 890 adnotare
555 840 579 887 et
593 834 727 904 joopme,·
756 833 805 886 lma
826 838 863 886 eat
883 831 947 884 diae
966 826 1144 884 kalendorum
1161 828 1337 894 montionem,
1363 841 1409 895 epo
1428 826 1458 879 in

399 932 452 988 Det
473 932 660 1001 omnipotentia
679 931 788 984 momine
802 929 1012 999 Liutpvamd
1032 943 1082 982 rem
1101 928 1188 997 pontia
1201 923 1455 1006 Looqobardoeum,
1559 990 1560 1016 1

400 1047 484 1097 ummo,
506 1029 564 1084 Deo
582 1029 723 1098 propitio,
746 1029 825 1099 rapot
845 1028 931 1082 nostri
950 1027 1075 1080 oiaemmo
1095 1026 1226 1092 secundo,
1249 1023 1399 1078 indictione
1417 1039 1457 1076 aa·
1559 1023 1560 1030 ’

399 1129 505 1184 cundo:
528 1129 618 1182 ideal

479 1223 531 1299 (l.)
563 1225 644 1280 141.
677 1221 706 1279 Si
736 1221 826 1278 aldius
853 1220 1051 1292 cujuscumque
1079 1217 1151 1275 aldia
1177 1217 1273 1280 aliena
1293 1217 1388 1273 tulerit
1411 1224 1460 1272 aut

397 1339 493 1380 saevus
512 1321 630 1401 ancilla,
663 1326 706 1388 et,
740 1327 889 1391 antequam
921 1317 955 1373 de
978 1317 1047 1388 ipso
1078 1316 1209 1388 conjugio
1242 1316 1364 1387 aliquam
1392 1332 1459 1371 cou-

397 1421 528 1478 vanentia
550 1418 658 1474 domini
680 1433 778 1472 eorum
799 1416 872 1472 inter
893 1431 922 1470 se
944 1415 1061 1479 iaciant,
1089 1414 1244 1484 contugerit
1269 1419 1300 1469 ut
1322 1413 1458 1486 quispiam

324 1545 329 1558 ¹
397 1519 482 1575 miser
503 1518 586 1574 homo
608 1517 668 1588 ipsa
689 1514 762 1572 aldio
784 1521 831 1572 aut
845 1513 946 1570 ancilla
959 1515 1014 1586 qui
1036 1521 1078 1570 est
1093 1529 1165 1570 uxov
1180 1512 1292 1569 alterius
1308 1511 1458 1568 fornicatus

397 1616 489 1684 luerit,
510 1615 550 1672 ita
572 1613 768 1686 praevidimus,
790 1619 819 1668 ul
842 1611 868 1668 ei
890 1614 924 1667 de
946 1610 1005 1683 ipsa
1026 1612 1107 1683 eulpa
1128 1611 1229 1667 debeat
1249 1609 1390 1681 subiacere
1410 1609 1458 1666 ille

397 1715 446 1788 qui
467 1714 645 1769 haemulum
666 1711 875 1784 perpetraverit,
899 1710 977 1782 cujm
991 1723 1107 1766 uxorem
1126 1709 1305 1774 adultenavit3
1328 1724 1392 1764 nam
1409 1708 1459 1762 do·

397 1811 490 1868 minus
511 1811 634 1884 ejusdem
655 1808 779 1866 moliens
802 1815 907 1865 tantum
929 1807 1075 1864 mundium
1097 1807 1132 1863 de
1152 1823 1184 1863 aa
1206 1805 1351 1878 suscipiat,
1375 1805 1396 1861 si
1420 1806 1459 1862 al·
1561 1825 1562 1828 ¹

397 1910 443 1965 dia
464 1908 556 1976 suerit,
580 1908 650 1964 siout
671 1909 716 1965 lex
738 1912 789 1971 est,
813 1913 841 1962 et
861 1907 883 1962 si
906 1905 988 1962 luerit
1008 1905 1119 1974 ancilla,
1143 1904 1261 1977 accipiat
1279 1902 1380 1959 exinde
1393 1919 1447 1974 vpue

398 2007 467 2063 tium
487 2013 534 2062 aut
554 2005 710 2076 vegariam,
734 2004 805 2060 sicut
825 2003 997 2060 convenerit.
1030 2005 1093 2060 Hoc
1114 2009 1207 2058 autem
1228 2001 1292 2057 ideo
1314 2001 1459 2074 prospexi·

397 2117 459 2160 mus
479 2102 513 2159 de
535 2118 620 2159 uxone
642 2103 711 2158 servi
734 2103 776 2157 vel
798 2101 918 2156 aldionis
939 2100 1018 2172 quasi
1039 2100 1182 2156 delibero
1204 2099 1363 2168 hominem,
1387 2115 1458 2172 quo·

388 2201 473 2258 'niam
504 2201 526 2256 ai
548 2193 693 2273 'quispiam
721 2199 910 2257 miserhomo
932 2200 1077 2256 mulierem
1098 2198 1214 2271 alicujus
1241 2197 1393 2266 adulterat,
1424 2198 1458 2254 ad
1562 2219 1563 2282 t

397 2299 527 2356 maritum
543 2299 606 2370 ejus
627 2297 773 2370 conponit,
798 2313 863 2354 uam
880 2313 942 2352 mon
958 2298 999 2353 ad
1021 2303 1167 2370 paventes,
1201 2295 1310 2352 etiamsi
1332 2312 1389 2351 non
1411 2297 1460 2352 lta-

398 2397 462 2452 beat
483 2411 543 2452 eam
564 2395 748 2452 mundiatam.
1430 2453 1432 2458 ,

480 2491 539 2567 (ll.)
561 2495 644 2549 142.
666 2492 696 2548 si
718 2493 780 2565 quis
801 2493 886 2548 homo
907 2492 979 2549 libau
999 2491 1127 2549 habuerit
1147 2507 1257 2548 servum
1277 2499 1325 2548 aut
1344 2491 1457 2561 aneilla,

397 2590 503 2647 aldium
523 2597 570 2647 aut
593 2589 666 2646 aldia
687 2591 869 2663 conjugatus,
899 2597 946 2660 et,
980 2589 1157 2647 iustiuantem
1178 2589 1323 2646 inimicum
1344 2590 1459 2646 humani

398 2688 520 2759 generis,
544 2705 607 2745 cum
628 2688 687 2760 ipsa
709 2685 810 2745 ancilla
831 2705 915 2762 quam
936 2705 1029 2745 servus
1043 2689 1101 2762 ejus
1121 2688 1354 2745 matrimoniatam
1369 2688 1457 2753 habit,

398 2791 528 2842 anteum
549 2785 622 2842 aldia
643 2803 698 2859 que
719 2803 781 2843 oum
796 2788 908 2843 aldione
930 2787 988 2858 ejus
1005 2788 1134 2858 copulata
1154 2793 1196 2843 est
1206 2786 1374 2843 adulterium
1396 2803 1460 2859 per-

397 2883 565 2955 petraverit,
589 2884 626 2939 ita
647 2883 810 2955 statuimus,
841 2891 872 2940 ut
893 2885 990 2956 perdat
1007 2884 1098 2956 ipsum
1120 2900 1228 2940 servum
1249 2890 1296 2941 uut
1316 2884 1459 2940 aldionem

397 2980 601 3053 cuj'usuxoram
615 2981 788 3052 adulteravit,
813 2990 841 3038 et
860 2983 918 3054 ipsa
942 2983 1043 3038 mulier
1063 2982 1187 3050 insimul,
1211 2990 1242 3039 ut
1255 2983 1357 3039 vadant
1375 2982 1459 3058 libavi

399 3085 426 3134 et
447 3079 564 3134 absoluti
586 3079 730 3145 lull'realis,
753 3087 894 3153 tamquam
916 3081 938 3136 si
960 3080 1075 3152 thingati
1098 3070 1217 3151 luissint,
1241 3080 1289 3137 ubi
1302 3082 1458 3147 voluerint3

399 3177 463 3249 quia
486 3194 542 3232 nou
565 3183 607 3232 est
627 3177 758 3248 placitum
780 3179 850 3243 Deo,
874 3185 903 3234 ut
925 3178 1055 3250 quislivet
1074 3180 1159 3235 homo
1180 3195 1244 3235 cum
1264 3195 1351 3236 uxore
1367 3178 1459 3236 aliana

397 3275 497 3330 debeat
519 3274 659 3333 fornicari.
703 3276 809 3332 Tamen
839 3277 873 3331 de
902 3275 961 3348 ipsa
983 3277 1139 3333 libertatem
1160 3277 1197 3333 ita
1219 3276 1359 3346 dicemus,
1392 3278 1459 3350 quia

398 3389 455 3428 non
477 3379 592 3443 possunt
613 3372 652 3428 sic
673 3372 733 3429 aina
755 3390 817 3429 vera
840 3374 1016 3430 absolutione
1038 3374 1095 3430 veri
1117 3373 1198 3431 liberi
1220 3390 1289 3439 esse,
1314 3374 1366 3430 nisi
1388 3374 1459 3431 siout

397 3468 513 3528 Edictus
533 3471 667 3536 contenit,
691 3478 738 3527 aut
758 3488 809 3544 per
829 3472 918 3538 thinx,
942 3479 988 3530 aut
1008 3473 1082 3531 circa
1103 3475 1189 3529 altare
1210 3473 1281 3528 siout
1302 3489 1353 3528 nos
1375 3471 1454 3528 insti-

398 3569 516 3626 tuimus:
547 3569 668 3642 ideoque
693 3570 808 3626 veniant
836 3571 871 3626 ad
895 3572 1029 3643 palatium
1049 3571 1084 3628 ad
1106 3587 1157 3626 nos
1178 3577 1224 3626 ant
1246 3570 1293 3643 qui
1316 3587 1366 3643 pro
1386 3576 1458 3626 tem-

397 3681 466 3738 pore
487 3667 617 3741 peinceps
639 3667 721 3722 luant
741 3675 830 3724 ternae
850 3669 946 3738 istius,
970 3670 1079 3753 etipse
1099 3685 1147 3728 eos
1167 3670 1303 3733 absolvat,
1328 3675 1355 3725 at
1374 3669 1460 3726 saciat

472 3860 553 3937 llll.)
584 3865 668 3920 143.
699 3864 824 3921 Relatum
846 3871 887 3922 est
908 3865 1005 3934 nohis,
1036 3867 1110 3938 quod
1132 3865 1232 3938 aliquis
1254 3865 1374 3922 bominis
1395 3881 1459 3938 pev-

396 3959 445 4015 fidi
468 3968 496 4016 et
516 3960 546 4017 in
567 3961 702 4018 malitiam
723 3963 819 4030 astuti,
841 3962 907 4019 dum
929 3980 979 4035 per
999 3981 1028 4019 se
1050 3981 1106 4019 non
1120 3969 1359 4036 presumpsessent
1372 3979 1458 4020 mano

397 4057 478 4114 sortia
504 4065 551 4115 aut
571 4059 693 4117 violento
715 4060 844 4116 ordinem
865 4061 968 4118 intrare
990 4062 1018 4118 in
1042 4063 1131 4120 vicum
1153 4069 1199 4120 aut
1226 4062 1255 4118 in
1278 4078 1368 4118 casam
1389 4061 1459 4118 alie-

398 4172 473 4226 nam,
497 4155 625 4213 timentes
646 4157 723 4214 illam
744 4160 969 4230 conpositionem
991 4176 1045 4233 que
1066 4160 1094 4216 in
1117 4159 1344 4233 antiqqudicto
1365 4161 1458 4232 posita

398 4262 449 4324 est,
473 4253 596 4311 lecerunt
618 4257 756 4327 collegere
778 4257 908 4314 mulieres
930 4274 994 4315 suas
1014 4275 1202 4332 quascumque
1223 4259 1397 4328 habuerunt,
1424 4259 1459 4316 li-

396 4353 478 4409 hevas
500 4358 528 4408 et
548 4355 682 4424 ancillas,
711 4363 738 4410 et
766 4355 901 4412 miserunt
930 4374 975 4414 eas
1003 4374 1086 4430 super
1114 4356 1243 4414 homines
1270 4357 1318 4430 qui
1345 4357 1457 4414 minore

396 4451 537 4509 habebant
556 4451 673 4519 virtute3
701 4460 729 4510 et
749 4455 991 4526 adprehendentes
1012 4455 1134 4512 hominis
1164 4456 1199 4512 de
1229 4456 1290 4529 ipso
1311 4457 1394 4524 lom,
1429 4467 1458 4512 et

396 4547 490 4621 plagas
512 4548 648 4624 lecerunt,
671 4553 826 4628 etreliqua
847 4555 919 4612 mala
940 4555 1064 4612 violento
1087 4554 1200 4628 ordine,
1223 4557 1286 4629 plus
1306 4555 1458 4613 crudeliter
