3172 5228
469 523 607 567 notarunt
629 515 755 570 cnr.oca
768 517 855 563 -ars
1075 508 1077 513 '
1171 503 1213 566 53

157 671 311 728 evellantur
331 678 360 728 et
376 664 535 744 jactentur:
559 677 670 745 etpost
690 671 779 744 ipsam
799 671 1020 744 inquisitionem·
1039 672 1135 730 tendat
1155 689 1213 729 mn-

156 769 304 842 cumipse
327 769 456 843 camphio
481 770 510 827 in
533 785 649 827 manum
669 770 792 842 parentis
814 775 861 825 aut
881 769 1060 839 conlibertis,
1084 776 1132 826 aut
1148 775 1214 827 ante

152 866 277 938 judicem
298 869 467 926 satisfaciens
489 869 572 938 dicat,
595 868 673 943 quod
694 867 905 924 nullamtalem
924 883 983 923 rem
1003 868 1081 941 quod
1101 868 1137 925 ad
1156 885 1214 926 ma-

155 965 274 1022 leficiam
296 967 409 1040 pertinit
429 981 514 1040 supet
534 985 565 1024 se
585 965 701 1032 habeam
726 972 792 1022 tunc
813 965 894 1022 vadat
913 965 948 1021 cd
970 972 1120 1040 certamen.

235 1065 326 1124 869.
349 1064 401 1138 (De
421 1061 653 1139 causos'regcias.)
676 1064 782 1121 Omnes
801 1079 866 1120 voro
884 1063 991 1134 regales
1009 1079 1116 1134 causas,
1140 1081 1213 1137 qnae

154 1162 190 1219 ad
216 1155 331 1227 manum
359 1164 432 1233 regis
458 1170 647 1235 perteneunt,
682 1162 757 1218 unde
789 1159 947 1232 conpositio
978 1167 1140 1233 expectatur
1159 1169 1214 1224 ‚out

154 1261 236 1333 culpa
263 1263 408 1334 queritur,
439 1262 599 1333 duplicetur
628 1261 786 1316 secundum
817 1258 962 1331 antiquam
993 1258 1213 1317 consuitutiocm

154 1357 328 1438 conpositio,
356 1365 472 1432 excepto
494 1359 611 1418 mundio
633 1358 668 1417 de
694 1356 839 1424 mulieris,
868 1363 917 1414 aut
942 1357 1040 1426 morh,
1070 1363 1119 1424 aut
1145 1358 1213 1416 alias

154 1472 210 1530 quc
231 1457 336 1514 semilis
356 1464 437 1522 sunt,
471 1458 545 1530 unde
574 1456 743 1527 noningenti
763 1455 852 1512 soledi
871 1456 1054 1528 judicantur,
1084 1471 1155 1528 quas
1182 1456 1212 1513 in
1248 1495 1251 1502 ι

154 1571 236 1612 suurn
261 1555 384 1631 vigorem
414 1555 610 1612 constituimus
636 1570 819 1628 permanere;
852 1554 974 1628 reliquas
1005 1571 1071 1621 vero
1102 1569 1211 1624 omnes,

155 1660 186 1709 ut
205 1652 394 1726 predicemus,
418 1653 447 1709 in
471 1654 608 1724 dubblum
628 1659 794 1724 exegantur.
1091 1659 1092 1664 ’

190 1824 192 1828 .
233 1752 320 1830 Μ).
343 1751 372 1806 Si
394 1767 488 1807 servus
510 1751 574 1821 regi
592 1750 672 1806 morli
694 1749 801 1817 lecerit,
824 1749 863 1811 ita
884 1748 1068 1818 decrevimus,
1092 1754 1124 1803 ut
1143 1763 1212 1804 con-

153 1857 275 1921 ponatur
295 1849 354 1921 ipsa
376 1866 495 1922 persona
523 1849 595 1904 sicut
615 1849 803 1922 adpraetiatus
834 1847 936 1917 luerit,
971 1853 1000 1902 et
1028 1862 1123 1902 servus
1152 1845 1212 1919 ipse

152 1962 238 2019 super
268 1947 367 2004 lassam
390 1947 479 2020 ipsius
500 1946 603 2003 mortui
624 1947 800 2019 adpendalur
827 1953 854 2002 ct
881 1946 911 2003 in
924 1961 1000 2006 ,eum
1020 1943 1142 2001 vindicta
1163 1944 1212 2002 de·

153 2051 209 2114 tur,
232 2051 260 2101 et
280 2045 315 2100 sit
337 2061 419 2107 causa
440 2027 528 2104 finita.
720 2106 721 2112 χ
894 2096 895 2100 ,

221 2145 312 2220 ¹tm.
354 2144 395 2200 Dc
412 2143 479 2210 alias
499 2159 565 2198 vero
583 2158 679 2199 causas
692 2142 775 2216 'unde
795 2141 877 2199 liberi
899 2146 947 2197 aut
967 2139 1038 2198 servi
1054 2139 1212 2212 alienorum

153 2239 301 2298 hominum
324 2241 514 2312 noningentos
531 2241 636 2297 solidos
657 2240 730 2295 fiunt
744 2239 906 2312 culparelis,
930 2239 958 2294 id
980 2244 1022 2293 est
1043 2237 1077 2292 de
1091 2237 1211 2305 muliere

153 2319 240 2396 libera
261 2337 284 2394 si
307 2339 348 2395 via
360 2339 532 2405 antesteterit
553 2344 600 2395 ant
616 2337 749 2410 injuriam
767 2335 873 2402 lecerit,
896 2352 946 2394 seu
968 2335 1003 2390 de
1019 2311 1111 2407 gregis
1125 2351 1213 2410 equa-

152 2454 215 2494 rum
234 2443 284 2493 aut
304 2453 454 2509 porcorum
475 2436 655 2509 pigneratos,
687 2437 730 2492 vel
751 2435 874 2510 reliquas
901 2449 974 2506 quac
995 2433 1106 2490 semelis
1134 2439 1209 2502 sunt,

154 2533 230 2590 unde
251 2542 279 2590 et
298 2535 396 2608 prelati
418 2552 514 2592 sumus
536 2535 673 2606 nongenti
693 2534 776 2593 solidi
797 2539 970 2607 queruntur,
995 2531 1029 2587 de
1050 2547 1106 2604 quc
1128 2547 1212 2604 supra

153 2633 182 2691 in
203 2634 257 2690 hoc
278 2633 409 2690 Edictum
430 2632 643 2702 constituimus,
666 2649 762 2689 servus
782 2631 886 2703 regisi
908 2628 1024 2701 lecerit,
1048 2628 1140 2686 anime
1161 2625 1212 2686 suc

152 2731 278 2789 incurrat
293 2733 460 2806 periculum,
476 2739 504 2788 et
519 2749 608 2789 nocco
620 2732 703 2788 solidi
716 2749 772 2788 non
783 2729 943 2804 requiretur
957 2730 992 2784 ad
1004 2735 1111 2784 curtem
1128 2719 1212 2800 regis.

232 2833 315 2889 Μ.
358 2831 387 2886 Si
409 2847 503 2886 servus
523 2830 583 2902 regi
605 2830 709 2886 lurtum
730 2829 837 2902 lecerit,
861 2828 961 2884 reddat
982 2827 1010 2882 in
1027 2826 1160 2897 actogild,
1185 2831 1213 2882 et

153 2944 211 2985 non
233 2928 269 2984 sit
289 2929 393 3000 ligang.

233 3028 316 3086 Μ.
359 3029 389 3085 Si
410 3045 505 3086 servus
522 3029 581 3100 regi
600 3027 734 3094 hoborus,
757 3031 805 3083 aut
821 3041 944 3095 uacuos,
963 3039 1013 3080 seu
1032 3018 1210 3084 marahwcrl‚

118 3117 122 3124 ’
152 3132 200 3182 aut
231 3126 351 3199 qualibit
375 3126 430 3183 alia
460 3129 542 3200 culpa
573 3125 711 3183 minorem
741 3122 853 3192 lecerit,
884 3123 920 3178 ita
943 3126 1106 3193 conponat,
1140 3117 1213 3174 sicut

98 3282 100 3286 ,
155 3201 277 3281 aliorum
298 3225 489 3283 exercitalium
511 3241 582 3296 quae
604 3239 687 3296 supra
709 3222 820 3277 decreta
841 3227 906 3276 sunt
927 3222 1137 3292 conponuntur.

234 3322 317 3399 m.
341 3323 391 3387 (Dc
411 3319 568 3393 sculdahis)
612 3320 642 3376 Si
673 3319 736 3393 quis
763 3317 904 3374 sculdahis
925 3323 974 3374 aut
994 3322 1118 3374 actorem
1139 3313 1213 3384 regis

154 3420 282 3478 occiserit
304 3421 450 3478 utilitatem
475 3421 549 3492 regis
578 3420 744 3489 facientem,
779 3417 951 3490 adpretietur
972 3431 1024 3488 pro
1051 3413 1141 3470 libero
1163 3413 1213 3468 lio*

154 3519 274 3589 minem,
306 3519 378 3575 sicut
397 3518 425 3573 in
448 3518 502 3574 hoc
523 3517 655 3574 Edictum
675 3506 798 3587 legitur,
827 3522 855 3572 et
880 3513 1046 3588 parentibus
1074 3509 1213 3582 legetimis
1314 3552 1318 3560 .

155 3622 346 3688 conponatur,
375 3624 491 3688 excepto
523 3616 551 3670 in
585 3622 694 3673 curtem
719 3614 794 3685 regis
811 3603 959 3687 ‘conponat
979 3609 1029 3685 qui
1052 3625 1116 3666 eum
1139 3608 1214 3665 occi·
1275 3687 1279 3696 Ι

154 3715 227 3770 derit
247 3713 353 3770 solidos
374 3719 533 3784 octogenta.
565 3715 601 3770 Et
622 3713 645 3768 si
667 3714 790 3768 battntus
812 3711 897 3767 luerit
917 3716 965 3766 aut
985 3710 1113 3779 legatus,
1137 3706 1213 3764 sirni-

154 3811 217 3868 liter
237 3818 415 3884 conponatur
442 3827 492 3884 pro
515 3811 635 3867 liberum
657 3804 801 3868 hominem
823 3816 871 3866 aut
890 3807 1047 3891 secundum
1069 3803 1213 3860 nationem

155 3925 244 3975 suam,
268 3909 339 3966 sicut
360 3908 389 3966 in
411 3911 464 3966 hoc
486 3910 616 3996 Edictum
637 3909 810 3966 consitutum
831 3915 891 3970 est;
915 3910 1031 3978 excepto
1053 3901 1083 3957 in
1104 3907 1213 3958 curtem

155 4008 230 4080 regis
250 4023 302 4080 pro
324 4009 406 4080 culpa
428 4009 534 4065 solidos
556 4013 715 4078 octogenta.

106 4089 113 4108 ⁸
235 4105 319 4165 825.
356 4101 390 4162 'si
413 4107 564 4178 gastaldius
595 4113 643 4162 aot
664 4105 838 4179 quicumque
857 4106 935 4158 actor
959 4099 1050 4170 regis,
1080 4103 1143 4172 post
1167 4113 1215 4154 su-

156 4212 249 4277 scepta
266 4212 314 4261 aut
328 4205 459 4260 comissas
471 4206 506 4262 ad
525 4205 738 4276 gobernandum
760 4201 845 4258 curtis
864 4200 938 4270 regis
959 4205 987 4254 et
1000 4215 1095 4254 causas
1111 4196 1211 4266 regias,

156 4303 178 4360 si
199 4303 300 4376 aliquit
319 4318 371 4374 per
392 4302 564 4372 gairethinx,
594 4301 623 4359 id
645 4308 686 4358 est
706 4299 907 4369 donationem,
938 4297 973 4355 ab
994 4297 1050 4354 alio
1071 4310 1213 4370 quemquo

156 4402 256 4460 tactam
278 4401 485 4473 conquesierit,
508 4401 544 4458 sit
563 4401 605 4457 illi
626 4398 755 4456 stabilem
774 4399 800 4455 si
820 4413 870 4471 per
890 4395 1100 4470 preceptionem
1121 4392 1216 4450 indul·

157 4498 267 4569 gentiac
287 4499 361 4569 rogis
381 4497 411 4554 in
432 4515 499 4554 eum
518 4499 602 4557 luerit
623 4498 833 4566 confirmatum
862 4495 989 4574 alioquin
1011 4491 1161 4572 quidquid,
1185 4497 1216 4549 ut
