3170 5218
1147 499 1210 566 iii

157 697 268 751 cumque
286 683 366 740 mado
386 697 434 738 suo
453 695 549 738 mesre
568 682 711 751 prosim
733 681 767 734 de
786 682 883 752 quitus
903 682 1086 738 tsdseineuter
1105 681 1212 741 estuve

156 785 247 834 uorur
272 781 455 836 comristotur.
498 778 657 850 Propterea,
691 780 755 834 dum
783 774 852 835 tatio
882 781 1000 836 recidere
1027 787 1051 835 et
1078 781 1213 851 corripere

156 883 346 944 tractaremus,
380 884 516 948 sequmter
539 877 682 947 pracpivti
702 873 861 934 AREGHIS
878 879 1115 934 'sacedcutissiorus
1135 879 1211 933 ducis

156 976 307 1045 aegregium
327 976 483 1046 compium,
505 977 543 1030 od
562 976 742 1030 imitatiouem
762 977 817 1045 eius
836 977 971 1046 quaedam
990 978 1132 1031 instituere
1148 991 1212 1046 pro-

155 1073 275 1128 vidimus
300 1075 419 1144 capitulo
447 1075 485 1128 ad
506 1075 686 1144 amputandos
712 1075 884 1142 quorumdem
911 1076 1047 1144 neguitias
1077 1087 1208 1144 emptae.

155 1167 237 1234 Ideo,
271 1173 405 1227 communi
425 1173 516 1227 tradito
543 1173 647 1241 eloquio
667 1173 698 1227 in
717 1172 765 1226 troo
784 1178 877 1227 vostro
897 1171 1083 1228 Bmeumtauo
1109 1171 1213 1241 palatio

155 1284 216 1323 mm
245 1270 354 1323 dmniuo
381 1267 475 1325 Adouc
499 1271 586 1337 tratre
614 1278 706 1329 nostro
732 1271 881 1324 venerabili
909 1272 1046 1341 episcopo,
1079 1284 1124 1327 sert
1154 1287 1213 1326 curn

155 1367 312 1426 comitibus,
334 1368 495 1435 abietibus,
518 1369 680 1438 eaeterisque
700 1369 800 1422 uostris
819 1369 1009 1438 mopuotteor.
1031 1385 1106 1424 anuo
1126 1371 1211 1424 aedu-

155 1471 230 1520 catus
251 1466 337 1519 riustri
352 1467 518 1528 duodecimo,
543 1483 632 1520 meuse
650 1468 760 1528 martio,
784 1473 808 1520 et
826 1467 975 1521 indictione
992 1467 1097 1536 quinta,
1121 1469 1213 1526 eadem

156 1562 275 1632 capitulo
296 1565 410 1620 statuive
428 1565 539 1618 sollicite
559 1565 729 1630 curavimus,
758 1565 854 1633 guidus
881 1566 967 1620 amuis
997 1566 1107 1634 iniquus
1134 1581 1213 1619 suam

155 1660 290 1716 mustum
306 1668 329 1732 et
348 1662 493 1731 iniquitate
509 1663 651 1724 retuudere
671 1669 695 1716 et
710 1661 848 1728 refrenare
869 1663 971 1719 debeat.
997 1660 1214 1730 Quaeuimirum

155 1760 186 1813 iu
207 1757 300 1813 Edisti
323 1761 433 1829 papireis
457 1761 574 1814 iuserere
600 1760 785 1829 praecepimus
807 1766 933 1830 perpetuo
957 1760 1021 1830 jure
1052 1761 1212 1816 retiumda:

156 1873 271 1927 quorum
289 1858 394 1926 primus
413 1859 463 1912 iste
483 1864 521 1911 eet

629 1972 693 2032 Cer.
715 1971 739 2027 1.

235 2085 265 2142 Si
287 2087 485 2159 cujuscumque
505 2103 599 2144 servus
619 2088 736 2146 liberam
764 2087 816 2143 sibi
839 2103 954 2142 uxorem
981 2086 1085 2154 tulerit,
1108 2087 1157 2159 qui
1178 2086 1212 2143 ad

155 2183 288 2257 palatium
306 2184 382 2256 juxta
404 2186 494 2256 legem
516 2185 690 2258 pertinebat,
721 2186 816 2258 utique
844 2184 961 2257 pessima
987 2185 1078 2242 extitit
1097 2201 1215 2240 consue-

155 2283 245 2346 tudo;
272 2290 302 2338 ut
322 2299 369 2338 eas
389 2299 523 2354 personas
545 2283 672 2357 quisquis
693 2285 774 2340 vellet
795 2290 947 2354 expeteret.
989 2283 1101 2340 Amodo
1122 2291 1212 2339 sutem

155 2385 183 2435 et
203 2380 336 2452 deinceps
356 2381 510 2452 statuimus,
534 2387 564 2437 ut
584 2388 659 2438 tanta
675 2381 840 2453 perversitas
862 2383 968 2438 nultum
988 2382 1090 2439 lrabeat
1109 2382 1212 2450 locum,

155 2476 204 2533 sed
225 2478 285 2549 ipse
305 2479 481 2535 solummodo
502 2495 550 2535 eos
573 2480 672 2534 habeat
692 2495 813 2550 semper,
836 2479 914 2550 cujus
929 2478 1049 2551 primum
1062 2480 1110 2536 ille
1128 2478 1216 2535 iuerat

144 2591 267 2644 serm,
300 2577 408 2633 etiamsi
440 2577 502 2632 illos
530 2595 544 2634 a
568 2577 669 2649 palatiu
699 2594 851 2651 numquam
880 2583 1003 2650 repetst3
1033 2593 1097 2634 nom
1126 2584 1216 2649 potest

156 2673 235 2742 fieri,
260 2679 289 2728 ut
310 2673 402 2746 ipsum
421 2677 510 2731 solum
534 2676 635 2732 habeat
655 2657 892 2745 dominus'suus,
916 2691 1000 2748 quem
1020 2675 1042 2731 si
1063 2675 1115 2734 hac
1136 2691 1213 2730 oeco-

155 2769 234 2827 sione
256 2772 388 2840 amiserit,
413 2773 549 2830 efficietur
568 2773 770 2846 pauperrimus.
794 2773 850 2829 Sed
871 2791 920 2830 seu
941 2790 1028 2833 unum
1048 2773 1105 2830 sire
1122 2774 1216 2846 plures

154 2868 282 2925 habuerit
300 2869 426 2939 ramulos,
450 2877 477 2927 et
492 2872 520 2926 in
532 2889 590 2927 uno
602 2872 728 2945 quotibet
748 2889 845 2928 eorum
866 2872 940 2927 istud
960 2870 1102 2939 acciderit,
1126 2870 1216 2925 domi·

156 2983 208 3023 nus
229 2983 314 3038 suus,
337 2967 376 3023 uti
398 2969 539 3026 decretum
561 2977 622 3035 est,
655 2985 718 3025 eum
740 2985 802 3024 cum
824 2968 901 3025 iiiam
922 2984 1005 3040 quam
1026 2967 1078 3025 sibi
1101 2984 1215 3026 uxorem

155 3065 248 3120 tulerit
264 3067 405 3138 possideat
419 3067 556 3139 perpetim
571 3083 633 3123 cum
656 3067 720 3124 filiis
740 3083 848 3124 eorum.
873 3067 907 3121 Et
928 3065 950 3120 si
973 3065 1034 3139 quis
1053 3065 1215 3121 temerarius

153 3179 202 3218 eos
223 3180 238 3220 a
260 3164 362 3235 palatio
390 3174 486 3238 petere
508 3167 640 3239 deinceps
667 3167 883 3240 presumpserit,
913 3164 1011 3246 petitio
1039 3163 1112 3220 iliius
1139 3179 1216 3220 cassa

153 3269 327 3344 permaneat.
669 3343 694 3400 n

234 3439 263 3496 Si
287 3440 349 3512 quis
369 3459 386 3497 a
406 3457 584 3516 quocumque
607 3439 690 3498 suerit
713 3441 850 3514 plagatus,
874 3446 902 3496 et
922 3441 1031 3514 plagam
1049 3437 1135 3511 judex
1155 3454 1218 3511 pre·

154 3538 298 3596 sentaliter
318 3538 418 3595 iactam
441 3540 595 3611 aspexerit,
626 3546 654 3597 et
677 3540 849 3596 adversarius
873 3539 950 3597 iilam
977 3538 1003 3595 ei
1024 3537 1113 3609 egisse
1134 3553 1217 3607 nega-

155 3637 243 3693 verit:
273 3645 385 3710 preveat
410 3645 613 3698 sacramentum
642 3639 785 3710 plagatus,
817 3638 894 3710 quod
925 3637 1026 3694 cestim
1053 3636 1113 3708 ipse
1134 3651 1216 3707 supra

156 3751 241 3808 quem
261 3738 442 3808 proclamavit
462 3735 537 3792 iliam
549 3735 575 3790 ei
590 3736 685 3795 buerit
701 3751 785 3808 quam
806 3735 960 3793 ostenderit
970 3737 1099 3807 plagam3
1122 3715 1218 3804 postea

156 3849 221 3889 vero
242 3832 387 3906 improbus
408 3836 545 3906 persolvat
565 3834 606 3891 illi
623 3835 700 3907 juxta
713 3833 806 3890 Edisti
827 3834 946 3890 tinorem
964 3830 1217 3905 iustitiamabsque

155 3931 382 4002 tergiversatione
403 3931 505 4004 aliqua.
577 3973 580 3985 .
658 4011 699 4068 m

233 4107 263 4164 Si
285 4109 390 4178 clarum
410 4109 643 4182 manitestumque
665 4109 748 4166 tuerit
764 4107 1063 4180 quemlibetteminam
1085 4113 1217 4166 consuete

154 4213 183 4262 et
204 4206 329 4278 legaliter
351 4206 479 4262 hahuisse
500 4206 648 4275 maritum,
672 4214 700 4262 et
720 4212 846 4278 quartam
868 4222 916 4262 seu
938 4205 1064 4262 vetabam
1086 4205 1216 4262 habuisse

154 4304 189 4360 ab
211 4321 246 4360 eo
267 4304 320 4361 sibi
343 4304 452 4373 iactam,
476 4322 592 4378 eamque
615 4321 665 4376 pru
682 4304 891 4376 perturbatione
909 4303 1042 4376 temporis
1064 4302 1217 4376 perdidisse

155 4402 420 4475 quomodocumque
433 4443 445 4470 „
475 4399 516 4458 vel
547 4404 569 4458 si
598 4402 699 4467 etiam,
732 4409 761 4458 ut
794 4402 921 4458 accidere
947 4403 1019 4458 solet
1044 4401 1215 4470 multotiens,

153 4506 282 4572 quartam
310 4500 438 4560 eamdem
463 4501 506 4556 sei
536 4501 662 4558 octabam
693 4517 750 4560 uon
779 4499 863 4558 tuerit
892 4499 1013 4573 scripta,
1044 4499 1219 4574 propinquus
