3172 5228
482 579 619 624 uurcruu
642 579 707 627 uae.
724 575 764 621 rao
780 599 793 606 «ι
815 577 864 622 aar.
1073 625 1077 637 ,
1162 565 1204 630 37

151 741 234 798 quam
255 726 367 786 tertium
387 745 452 785 sum
474 728 639 802 pulsaverit,
667 728 770 803 pignus
791 731 869 805 quod
890 738 953 789 ante
974 733 1207 794 contestationem

150 824 213 894 totio
227 826 279 881 sihi
302 843 409 883 nonum
430 827 556 883 reformit
576 827 604 883 iu
627 834 790 900 potestatem
812 829 927 888 domini.

229 925 311 981 w.
352 925 428 981 Nulli
448 925 529 985 iaciat
549 925 604 982 alio
625 941 693 998 pro
691 926 752 982 alio
770 927 927 999 pignerare,
950 935 1066 1001 excepto
1087 929 1136 986 illo
1154 930 1203 1004 qui

149 1019 229 1091 galan
252 1037 310 1078 csse
332 1022 489 1092 invenitur,
525 1023 615 1079 idest
636 1023 747 1080 heredis
768 1041 868 1098 parens
890 1024 1061 1098 proximior,
1090 1027 1139 1099 qui
1161 1027 1201 1085 illi

149 1118 183 1174 ad
206 1120 396 1191 hereditatem,
419 1121 441 1177 si
463 1137 542 1177 casus
564 1121 696 1191 evenerit,
718 1129 851 1179 venturus
871 1129 921 1182 est.

228 1212 314 1278 ΜΒ
357 1220 400 1276 Si
418 1219 481 1292 quis
511 1235 561 1292 per
580 1235 674 1275 errore
705 1219 760 1276 allo
790 1237 841 1293 pro
870 1221 925 1277 alic
947 1219 1132 1293 pigneraverit
1153 1237 1203 1295 per

147 1331 258 1372 servum
278 1323 326 1372 ant
346 1317 486 1386 ancillam,
510 1318 546 1373 ita
561 1317 741 1387 dicernimus,
766 1325 796 1373 ιιι
812 1325 960 1392 postquam
977 1319 1108 1390 coguovit
1123 1319 1202 1392 quod

147 1416 219 1469 male
240 1414 404 1487 pigneravit,
427 1431 493 1472 mox
514 1415 606 1487 ipsum
624 1416 740 1488 pignum
754 1416 861 1476 relaxit.
884 1417 920 1472 Et
940 1416 962 1474 si
978 1417 1103 1489 pulsatus
1118 1416 1202 1474 luerit

146 1529 162 1567 a
184 1512 298 1568 domino
319 1513 407 1583 servi,
440 1519 506 1569 tunc
532 1519 643 1584 preveat
669 1521 876 1585 sagramentum
904 1514 971 1586 quia
1002 1529 1052 1586 per
1077 1530 1200 1573 errorem

145 1608 219 1680 lecit,
244 1627 307 1666 nam
329 1627 388 1676 aon
407 1617 482 1687 asto,
506 1618 534 1666 et
554 1611 678 1667 crededit
699 1611 852 1669 devitorem
872 1627 954 1667 suum
976 1611 1150 1686 pignerassit‚
1173 1619 1202 1670 et

144 1711 211 1764 tunc
240 1694 276 1764 sit
294 1709 444 1766 indemnis.
486 1708 556 1764 Nam
585 1708 608 1764 si
639 1709 733 1782 plagas
761 1715 809 1764 aut
829 1709 921 1767 levitas
943 1708 1087 1768 leocritia
1109 1709 1200 1781 ipsum

143 1805 256 1877 pignus,
280 1815 423 1880 conponat
443 1807 516 1864 sicut
535 1807 564 1862 in
587 1807 640 1863 hoc
658 1807 788 1865 Edictum
809 1807 919 1878 legitur
941 1809 1020 1864 Etsi
1041 1823 1200 1864 sacramen·

142 1909 201 1959 tum
222 1904 288 1961 dare
311 1921 366 1962 non
388 1905 587 1978 presumpserit
607 1906 685 1978 quod
706 1921 756 1978 per
776 1922 870 1963 errore
892 1906 1073 2017 pignerassit,
1101 1906 1201 1964 reddat

141 1999 233 2074 ipsum
253 2003 370 2075 pignum
392 2003 420 2060 in
443 2003 574 2074 actogild.

220 2103 309 2159 m.
332 2104 387 2174 (Dc
406 2120 497 2176 greges
519 2118 667 2173 coquorum
693 2119 739 2158 sco
757 2101 920 2174 porcorom.)
963 2100 992 2158 si
1022 2099 1085 2173 quis
1106 2101 1198 2174 gregis

141 2215 294 2272 aequarum
321 2216 369 2258 seu
402 2215 552 2273 porcorum
578 2197 638 2256 sine
661 2199 817 2272 jussionem
844 2199 917 2270 regis
937 2199 1063 2273 pigneris
1084 2201 1198 2258 nomine

140 2297 302 2367 abstulerit,
334 2299 381 2354 ille
403 2299 480 2371 prior
501 2305 549 2354 aut
568 2296 713 2367 moriatur,
737 2303 785 2353 aut
806 2304 948 2369 conponat
968 2296 1072 2354 solidos
1093 2313 1194 2368 acccc,

139 2395 317 2452 medietatem
338 2397 428 2466 regis,
457 2403 485 2452 et
510 2395 688 2451 medietatem
718 2393 763 2451 cul
789 2394 893 2468 pignus
917 2394 1076 2453 abstulerit:
1099 2402 1127 2451 et
1147 2396 1197 2468 qui

139 2509 205 2550 cum
226 2511 289 2550 eum
312 2495 438 2563 irrorent,
461 2489 597 2551 si'tamerr
620 2493 700 2550 liberi
721 2502 806 2564 sunt,
837 2496 1032 2569 unusquisque
1054 2499 1197 2566 conponat

139 2591 244 2649 solidos
265 2598 425 2665 octogenta,
449 2593 626 2650 medietatem
638 2573 717 2663 regi,
741 2598 768 2649 et
792 2593 968 2650 medietatem
989 2609 1075 2667 quem
1098 2592 1197 2666 pigne·

138 2689 250 2756 raverit,
275 2697 416 2764 utsupra.
445 2691 524 2748 Etsi
545 2691 617 2748 servi
638 2691 785 2747 dominum
805 2707 888 2748 suurn
908 2691 996 2748 secuti
1017 2688 1142 2761 luerent,
1165 2690 1195 2748 in

137 2788 332 2860 conpositione
353 2789 460 2845 domini
482 2795 640 2862 repoteturs
673 2791 755 2862 culpa
777 2788 852 2845 enim
873 2789 1005 2846 dominus
1025 2789 1107 2858 iecit,
1130 2805 1195 2846 nam

137 2901 194 2941 non
216 2902 310 2942 servus
330 2887 378 2960 qui
400 2883 547 2943 domiuum
567 2902 651 2943 suum
671 2894 783 2943 secutus
802 2894 853 2944 est.

216 2983 308 3042 25⁰.
350 2984 379 3040 Si
402 2985 465 3056 quis
486 2986 605 3041 cavallos
625 2984 747 3040 domitos
772 2984 925 3040 authores
945 3000 994 3040 seu
1015 2993 1110 3040 vaccas
1127 2982 1193 3056 joco

136 3082 255 3139 domitas
277 3082 463 3154 pigneraverit
483 3083 542 3139 sine
559 3082 714 3155 jussionem
727 3081 819 3152 regis',
842 3081 895 3138 sibi
917 3097 1025 3137 nonum
1046 3078 1123 3138 redo.

200 3196 302 3256 *etth
345 3198 375 3254 Si
395 3199 480 3255 homo
497 3200 569 3255 liber
585 3199 634 3272 qui
653 3197 764 3256 debitor
784 3204 824 3254 est
838 3197 904 3254 alias
916 3213 960 3253 res
978 3212 1034 3251 non
1051 3193 1191 3264 babuerit,

135 3294 190 3351 nisi
211 3297 328 3353 cavallos
350 3297 472 3355 domitus
493 3305 541 3354 aut
560 3297 645 3353 boves
662 3295 819 3369 junctorios
840 3312 889 3354 scu
911 3309 1022 3364 vaccas,
1053 3298 1121 3348 tunc
1145 3292 1192 3349 illc

135 3394 186 3469 qui
205 3394 327 3451 devitum
349 3397 443 3470 querit
464 3398 544 3452 vadat
565 3396 599 3452 ad
621 3395 770 3460 sculdahis,
795 3402 822 3452 et
842 3393 951 3452 intemit
970 3407 1083 3449 causam
1102 3406 1192 3466 suam,

134 3491 200 3564 quia
221 3486 329 3549 devitor
348 3494 436 3566 ipsius
457 3495 523 3550 alias
546 3511 589 3550 res
611 3510 667 3548 non
687 3481 764 3549 habit
785 3492 837 3549 uisi
860 3508 932 3565 quae
950 3507 1035 3564 supra
1049 3490 1190 3560 leguntur.

134 3589 215 3644 Tunc
245 3591 384 3648 sculdahis
409 3592 487 3648 tollat
515 3592 603 3648 bobes
631 3598 679 3647 aut
698 3591 819 3648 caballos
840 3591 947 3665 ipsius,
980 3595 1007 3646 et
1037 3595 1123 3662 ponat
1142 3602 1191 3643 eos

134 3695 196 3758 post
210 3687 387 3760 creditorem,
411 3690 478 3745 dum
500 3705 589 3761 usque
610 3689 636 3746 ei
652 3688 760 3766 justitia
781 3690 877 3756 saciat3
900 3697 928 3746 et
948 3689 970 3745 si
988 3685 1128 3744 sculdahis
1149 3685 1191 3741 di-

133 3837 346 3848 ..α-*-

204 3925 327 3993 ⁸)1502.
355 3929 382 3979 Sl
402 3933 459 3992 quts
478 3930 520 3980 altl
539 3929 622 3980 vadia
642 3929 755 3989 dadcrtt,
785 3937 810 3980 et
835 3943 892 3982 cam
917 3933 1030 3994 recipere
1054 3929 1191 3982 usdoxcrtt

134 4027 180 4078 par
198 4015 391 4078 fidejussorem,
418 4025 443 4071 et
462 4025 602 4082 aputeum
621 4023 772 4070 remanserlt
789 4032 839 4076 una
858 4026 952 4079 nocte,
979 4023 1024 4069 aut
1042 4019 1123 4079 duae,
1150 4019 1189 4072 vel

134 4110 193 4158 tres,
213 4106 276 4155 athll
295 4114 430 4170 conponat.
450 4108 478 4158 St
492 4111 641 4160 remanserlt
659 4113 748 4170 quarta
763 4111 847 4166 nocte
867 4113 996 4170 conponat
1008 4107 1105 4159 solidos
1124 4108 1189 4160 duc·

133 4190 231 4253 daclm;
258 4199 279 4246 ιι
298 4201 448 4276 remanserit
466 4201 555 4260 quluta
573 4202 664 4252 nocte,
685 4201 814 4258 conponat
830 4197 926 4247 solidos
945 4201 1033 4261 vlglntl
1051 4203 1186 4260 quattuor3

133 4285 159 4331 ct
177 4285 197 4330 ιι
216 4288 366 4334 remanserit
384 4267 451 4336 sesto
469 4293 558 4341 nocte,
579 4291 706 4347 conponat
724 4286 820 4336 solidos
839 4289 941 4348 triginta
959 4299 1011 4338 sex.
1050 4287 1082 4337 Et
1105 4292 1126 4338 sl
1146 4288 1187 4338 lllc

133 4374 179 4431 qul
206 4385 262 4422 cam
287 4373 396 4424 wadiam
416 4381 542 4437 acceperit
560 4389 615 4428 eam
634 4375 741 4426 reddere
766 4377 905 4440 neglexarlt
928 4390 973 4440 per
997 4373 1184 4441 fldcjnssorem,

132 4465 158 4509 et
176 4461 245 4522 apud
264 4475 324 4512 cum
338 4467 498 4525 remanserit,
518 4469 554 4516 stc
567 4470 704 4528 conponat,
725 4467 854 4528 quomodo
873 4465 915 4518 lllc
934 4469 979 4529 qul
993 4468 1187 4520 vadtamsuam

132 4553 246 4613 rcctpcra
264 4552 409 4615 neglexerit.
