3172 5228
345 525 350 537 .
412 473 471 540 ’18-
807 491 962 538 normes
986 493 1077 538 sams

489 646 576 704 1111.
617 644 659 701 De
679 642 840 718 panormio,
869 641 995 717 caprario
1015 660 1064 700 seo
1086 642 1255 702 armentario
1277 641 1385 712 uedeo,
1412 658 1471 701 ma-

410 739 496 818 gistro
517 751 628 813 umen,
651 741 674 798 si
695 741 758 816 quis
779 741 933 812 occiderit,
964 747 1106 815 conponat
1134 742 1240 802 solidos
1267 739 1385 817 viginti3
1417 755 1469 812 pro

410 843 561 916 discipulus
582 849 674 898 autem
695 839 742 913 qui
764 847 914 914 sequentes
934 846 1000 897 sunt
1019 840 1042 897 si
1064 837 1126 912 quis
1148 840 1296 910 occiderit,
1329 844 1470 912 conponat

408 942 513 999 solidos
533 940 664 999 sedicem.
694 940 736 996 lle
757 938 821 995 illos
843 954 909 995 vero
931 943 1054 1010 pastores
1076 937 1214 1007 dicimus,
1238 937 1285 1012 qui
1307 937 1346 1002 ad,
1364 936 1469 994 liberos

297 1089 300 1100 ,
410 1039 537 1100 homiues
557 1037 697 1102 serviunt,
721 1036 804 1092 etde
826 1037 882 1092 sala
904 1035 1016 1108 propris
1038 1043 1151 1092 exeunt.

486 1139 566 1195 181.
588 1131 632 1210 (Si
652 1135 745 1204 insane
763 1150 865 1206 parvus
886 1135 919 1188 de
938 1136 1074 1190 messano
1094 1135 1195 1192 occisus
1214 1131 1321 1205 luent.)
1353 1131 1384 1188 Si
1407 1131 1469 1204 quis

409 1235 543 1292 infantem
563 1233 678 1307 parvolo
700 1231 735 1288 de
756 1245 836 1286 serso
857 1230 990 1288 massario
1012 1247 1075 1287 casu
1098 1231 1245 1288 facientem
1262 1229 1405 1299 occiderit,
1428 1247 1471 1289 ar-

409 1335 527 1393 bitretur
546 1351 562 1390 a
580 1332 674 1406 judice
702 1329 857 1386 secuudum
877 1331 989 1402 qualem
1015 1336 1134 1388 aeuum
1160 1330 1257 1386 hahuit
1282 1340 1330 1387 aut
1359 1332 1470 1406 qualem

408 1435 517 1490 lucrum
537 1431 628 1488 iacere
649 1428 772 1502 potebat,
796 1427 834 1484 ita
856 1419 1043 1500 conponatur.

487 1532 572 1588 1⁸8.
594 1526 646 1602 (De
666 1527 765 1583 ardore
785 1529 960 1583 communiter
979 1528 1065 1583 indeo
1080 1527 1213 1582 hominem
1231 1543 1310 1598 wera
1324 1524 1470 1600 oensem.)

409 1629 438 1685 Si
461 1629 516 1685 duo
538 1633 586 1685 aut
604 1633 660 1682 tres
690 1631 737 1682 aut
764 1625 857 1698 plures
878 1624 1007 1680 homines
1037 1623 1166 1682 arborem
1194 1640 1280 1682 unum
1306 1624 1467 1694 incisorem,

409 1733 436 1783 et
457 1725 542 1783 alium
563 1723 708 1781 hominem
722 1721 968 1796 supervenientem
988 1728 1016 1778 et
1036 1738 1070 1778 ex
1091 1722 1182 1794 ipsum
1207 1724 1337 1779 arborem
1359 1723 1471 1780 occide-

408 1831 491 1895 rent,
520 1830 569 1880 aut
589 1820 728 1896 quodlibit
749 1821 882 1878 damnum
904 1821 1045 1878 fecerent:
1077 1826 1144 1876 tuno
1164 1819 1320 1878 incidentes
1340 1821 1470 1878 arborem

408 1921 626 1995 quanticumque
653 1921 762 1978 luerent
792 1919 884 1992 ipsum
917 1918 1100 1977 homicidium
1129 1924 1176 1976 aut
1201 1919 1334 1976 damnum
1365 1920 1470 1992 pariter

408 2027 580 2094 conponant.
623 2019 702 2075 Etsi
724 2035 788 2076 casu
816 2017 933 2075 iaciente
961 2018 996 2073 ab
1023 2016 1084 2089 ipso
1106 2017 1206 2074 arbore
1226 2017 1327 2090 aliquis
1347 2033 1382 2076 ex
1401 2017 1470 2090 ipsis

406 2119 455 2190 qui
477 2118 606 2174 incidunt
625 2125 752 2174 mortuus
769 2116 861 2181 luerit,
884 2115 907 2172 si
929 2114 985 2171 duo
1006 2115 1116 2172 luerent
1131 2099 1312 2186 collegaque,
1335 2115 1470 2174 medietas
1577 2181 1578 2188 χ

407 2215 489 2289 pretii
510 2222 652 2289 reputetur
672 2215 717 2288 illi
735 2214 848 2279 mortui,
872 2220 900 2269 et
920 2212 1098 2270 medietatem
1117 2213 1215 2270 reddat
1230 2213 1392 2286 parentibus
1412 2217 1471 2272 col·
1577 2235 1578 2268 2

407 2314 469 2384 lega
491 2313 595 2387 ipsius;
627 2319 656 2370 et
686 2313 709 2369 si
730 2313 824 2384 plures
846 2311 974 2376 luerent,
997 2311 1072 2368 idem
1094 2310 1178 2369 modo
1199 2313 1291 2383 portio
1312 2329 1367 2368 una
1388 2330 1471 2386 repo-

407 2419 479 2468 tetur
505 2413 547 2470 illi
572 2411 690 2480 mortui,
721 2418 750 2466 et
778 2411 997 2484 quanticumque
1028 2410 1138 2469 luerent
1165 2410 1219 2468 vivi
1247 2411 1366 2468 reddant
1385 2411 1469 2468 simul

406 2525 512 2566 summa
533 2509 627 2582 pretii,
651 2515 777 2565 cessante
799 2508 883 2578 laida,
906 2509 970 2566 ideo
992 2508 1056 2581 quia
1079 2505 1202 2566 nolendo
1224 2509 1360 2568 lecerunt.

484 2608 571 2664 1⁸8.
594 2606 649 2673 (De
672 2624 804 2687 cenenum
824 2606 1023 2680 ternperctum.)
1064 2607 1093 2664 Si
1120 2607 1182 2680 quis
1212 2607 1297 2664 homo
1325 2607 1397 2664 liber
1422 2614 1471 2664 aut

408 2703 510 2761 mulier
529 2720 669 2761 venenum
690 2709 885 2778 temperaverit
904 2711 931 2761 et
951 2703 999 2761 alii
1020 2705 1055 2761 ad
1076 2704 1232 2762 hevendum
1253 2704 1319 2762 dare
1339 2705 1469 2770 voluerit,

406 2807 548 2874 conponat
569 2802 674 2860 solidos
694 2801 812 2874 viginti,
842 2801 914 2860 sicut
939 2802 986 2860 ille
1007 2802 1056 2875 qui
1077 2802 1112 2859 de
1132 2809 1221 2860 morte
1242 2803 1355 2860 alterius
1376 2803 1469 2859 cousi·

405 2899 486 2956 liatus
507 2899 599 2959 luerit
1185 2906 1188 2917 ’

485 3000 573 3056 luo.
616 2995 646 3054 si
672 2995 745 3053 liber
771 3003 819 3054 aut
839 2995 927 3054 libera
947 3012 1087 3054 venenum
1109 2996 1156 3054 alii
1178 2996 1288 3054 dederit
1306 2997 1342 3054 ad
1364 2999 1468 3056 bereu-

405 3095 490 3165 dum,
523 3103 551 3152 et
577 3095 626 3168 qui
646 3095 787 3167 acceperit
813 3111 849 3151 ex
874 3093 965 3168 ipsum
986 3111 1126 3152 venenum
1146 3103 1271 3152 mortuos
1293 3112 1349 3152 non
1371 3097 1464 3161 luerit,

404 3200 546 3266 conponat
570 3193 620 3266 qui
649 3209 788 3249 venenum
814 3192 893 3250 dedit
912 3193 1092 3252 medietatem
1112 3193 1196 3268 pretii
1213 3193 1298 3267 ipsius
1319 3195 1395 3268 qnod
1416 3195 1467 3252 ad·
1577 3207 1578 3254 l

405 3291 538 3363 pretiatus
559 3290 642 3348 fuerit
663 3291 685 3347 si
706 3307 770 3346 euru
792 3290 941 3349 occidissit.

483 3391 563 3446 141.
605 3387 636 3444 Si
667 3388 729 3461 quis
750 3405 888 3446 venenum
912 3388 1126 3449 adherendum
1147 3388 1272 3455 dederit,
1302 3392 1398 3465 etqui
1418 3409 1465 3450 ac-

404 3485 510 3558 ceperit
530 3491 654 3544 mortuus
675 3485 768 3556 fuerit,
791 3487 911 3560 pretium
932 3488 1034 3545 mortui
1051 3489 1204 3548 secundum
1219 3489 1381 3562 qualitatem
1401 3507 1464 3564 per-
1577 3503 1578 3540 1

403 3601 472 3640 sone
493 3583 524 3640 in
544 3583 685 3652 integrum
705 3591 854 3657 conponat

481 3683 562 3740 142.
605 3681 635 3737 Si
656 3697 749 3738 servus
770 3689 818 3738 aut
838 3682 939 3742 ancilla
960 3700 1099 3762 venenum
1121 3684 1203 3744 aliern
1224 3686 1345 3758 dederit,
1368 3695 1395 3744 et
1415 3688 1463 3746 ille

397 3780 450 3852 ,qui
471 3779 579 3852 accepit
599 3788 724 3836 mortuos
746 3795 802 3836 non
825 3780 921 3851 luerit,
945 3791 1087 3856 conponat
1107 3783 1238 3840 dominus
1258 3785 1329 3842 servi
1350 3786 1392 3842 sel
1413 3803 1463 3844 an-

393 3878 464 3957 cille
494 3878 671 3935 medietatem
692 3877 775 3952 pretii
797 3879 874 3952 quod
895 3880 954 3952 ipse
981 3881 1100 3938 valuerit
1127 3881 1175 3954 qui
1203 3883 1327 3956 accepit;
1355 3891 1384 3942 et
1412 3901 1463 3956 per

402 3976 497 4033 omnia
517 3969 578 4050 ipse
599 3993 692 4034 servus
712 3977 754 4033 vel
775 3978 877 4034 ancilla
898 3977 928 4034 in
949 3977 1009 4051 ipsa
1029 3979 1241 4052 conpositione,
1269 3996 1320 4054 pro
1342 3989 1461 4054 quantus

401 4073 570 4146 adpretiatus
590 4075 683 4145 luerit,
705 4073 741 4132 ad
762 4074 948 4133 occidendum
969 4077 1102 4138 tratactu.
1133 4077 1212 4151 Etsi
1233 4084 1358 4135 mortuos
1378 4077 1462 4135 suerit

401 4170 453 4244 qui¹
470 4173 595 4245 accepit,
626 4181 692 4231 tunc
713 4173 843 4230 dominus
864 4175 936 4232 servi
957 4176 1000 4232 vel
1019 4175 1123 4232 ancille
1144 4175 1234 4248 ipsum
1261 4175 1404 4233 hominem
1430 4177 1459 4233 in

395 4268 540 4338 integrum
561 4279 719 4344 conponat;
742 4271 783 4328 sic
803 4278 896 4329 tamen
917 4280 948 4330 ut
967 4289 1061 4332 servus
1081 4281 1128 4331 aut
1146 4275 1246 4334 ancilla
1267 4273 1297 4330 in
1318 4275 1378 4347 ipsa
1393 4291 1459 4330 eon·

399 4365 550 4440 positione,
573 4383 623 4440 pro
645 4368 742 4443 quanti
757 4369 926 4444 adpretiatus
948 4371 1039 4442 luerit,
1062 4373 1098 4429 ad
1116 4373 1302 4431 occidendum
1324 4373 1455 4444 tradatur,

350 4464 371 4519 ᾗ
400 4471 427 4521 et
447 4465 524 4522 nulla
544 4463 580 4522 sit
600 4466 754 4542 redemptio
776 4475 823 4526 aut
843 4469 983 4528 excusatio
1004 4469 1101 4527 mortis
1121 4470 1193 4530 servi
1215 4471 1258 4530 vel
1279 4469 1389 4530 ancille.
