3170 5218
1066 567 1072 578 α
1128 475 1188 542 iti

127 663 240 730 strum,
264 657 432 729 ubicumque
453 654 632 729 inquisierit,
665 655 760 726 quales
781 654 906 712 seniores
927 653 1055 712 homines
1082 655 1112 711 in
1132 655 1193 727 ipsa

136 740 321 811 incaluerint
348 763 509 824 manentes,
542 770 591 809 eos
620 758 824 808 sacramentam
852 751 950 822 iaciat,
983 761 1014 809 ui
1040 770 1091 827 per
1117 753 1192 827 ipsos

136 851 236 908 veritas
256 853 420 914 declaretur.
638 930 677 986 Vl

215 1032 257 1086 De
277 1031 332 1089 illis
352 1030 514 1089 hominibus
535 1031 578 1087 vel
599 1029 789 1087 sacerdotibus
811 1030 853 1085 vel
883 1030 1053 1102 quibuslibet
1073 1047 1123 1104 per
1149 1048 1192 1090 re·

134 1145 221 1201 gnum
234 1136 369 1200 nostrum,
393 1129 440 1202 qui
454 1137 569 1203 propter
584 1128 689 1201 premia
701 1128 743 1183 sel
755 1129 921 1200 parentellas
934 1129 969 1186 de
987 1137 1079 1186 nostra
1087 1131 1192 1202 justitia

133 1227 342 1300 inquirentibus
363 1236 408 1284 aut
435 1228 650 1284 emendantibus
678 1225 746 1282 vicia
775 1225 916 1285 veritatem
943 1227 1066 1284 oluscare
1095 1229 1192 1286 volunt

133 1325 224 1382 missis
245 1327 287 1382 rel
308 1326 438 1383 fidelibus
459 1327 579 1393 nostris,
608 1337 639 1385 nt
659 1347 688 1387 se
709 1331 738 1386 in
759 1326 880 1400 periuria
907 1325 1036 1382 mittant:
1060 1325 1191 1398 jubemus

133 1431 217 1496 atquc
239 1425 441 1498 praecipimus,
473 1431 502 1480 ut
521 1427 548 1482 'si
576 1430 692 1501 suspitio
708 1427 798 1494 ,luerit
826 1424 913 1498 quod.
928 1422 1129 1496 perjurassent,
1162 1434 1191 1482 ut

132 1527 229 1594 postea
250 1523 284 1578 ad
306 1539 434 1596 campum
460 1524 502 1579 vel
524 1525 558 1580 ad
580 1542 690 1582 crucem
709 1525 865 1599 judicetur,
899 1529 927 1577 ut
947 1521 1007 1593 ipsa
1029 1523 1126 1579 veritas
1147 1525 1190 1580 vel

132 1618 284 1692 peq'urium
306 1621 374 1676 iiaut
394 1621 538 1679 declarata.
562 1624 635 1680 Etsi
654 1624 766 1680 Domini
784 1621 1018 1688 sueriivoluntas,
1043 1620 1120 1692 quod
1140 1637 1191 1694 per

132 1718 192 1790 ipsa
209 1716 314 1788 judicia
336 1717 435 1774 veritas
457 1727 504 1774 aut
524 1721 676 1793 perjurium
698 1721 872 1788 declaretur,
904 1726 970 1775 tuno
995 1719 1122 1776 volumus
1150 1727 1191 1776 at-

133 1831 188 1888 qoe
205 1815 345 1887 jubemus,
369 1823 399 1872 nt
419 1816 441 1872 si
458 1818 588 1874 sacerdos
605 1821 647 1876 vel
660 1817 884 1885 clericusriuerit,
907 1815 1055 1889 dupliciter
1066 1817 1190 1874 bannum

131 1921 258 1970 nostrum
272 1915 419 1986 persolvat,
443 1916 513 1972 sieut
529 1917 656 1990 superius
676 1916 858 1986 decrevimus,
881 1921 909 1971 et
922 1923 1019 1988 postea
1034 1915 1189 1973 secundum

130 2019 242 2067 sanctos
262 2029 383 2068 canones
402 2013 542 2085 judicetur
549 2029 557 2084 3
579 2003 649 2074 etsi
671 2017 757 2073 laicus
778 2013 870 2085 luerit,
894 2012 1032 2084 widrigild
1053 2028 1134 2069 suum
1153 2012 1189 2072 ad

129 2116 237 2182 partem
258 2116 381 2167 nostram
401 2113 551 2183 persolvat.

547 2218 549 2226 '
580 2226 737 2238 ——nsa-—u--a

164 2321 193 2370 ln
214 2320 353 2383 Capitulsri
373 2322 442 2385 quod
462 2323 576 2374 Peririus
595 2323 676 2374 edidit
693 2325 742 2374 sub
759 2327 862 2374 nomine
885 2322 994 2375 illotarll
1013 2320 1186 2383 ludibrioso,

129 2423 196 2460 anno
206 2409 379 2471 liccem,
399 2425 418 2461 x
431 2413 553 2465 kalendas
567 2416 680 2470 mertias,
701 2414 770 2474 idern
784 2413 873 2471 codes,
893 2413 938 2464 iol.
953 2413 997 2472 31,
1009 2416 1083 2465 inter
1096 2427 1187 2476 secun,-

128 2499 191 2547 dum
216 2506 243 2548 et
260 2505 362 2552 tertium
388 2501 436 2550 boc
454 2502 525 2551 addit
545 2503 701 2564 capitulum,
726 2503 795 2565 quod
815 2503 930 2554 deestis
954 2505 1067 2558 editione
1085 2510 1185 2574 Pertzii,

126 2587 225 2651 Legum
244 2588 275 2638 T.
295 2589 318 2649 i,
338 2603 364 2651 p.
383 2589 457 2644 eii„

631 2681 679 2740 lll.

206 2773 314 2832 Placuit
334 2778 415 2834 nobis
436 2779 472 2834 de
494 2778 550 2836 illis
571 2777 745 2848 bominibus,
768 2779 818 2853 qui
839 2795 868 2835 se
887 2780 990 2838 liberos
1006 2799 1057 2856 per
1072 2787 1186 2860 triginta

126 2887 216 2930 annos
237 2889 297 2930 esse
317 2875 424 2945 dicuni,
447 2877 573 2933 volumus
594 2877 685 2950 adque
706 2877 885 2947 instituimus,
909 2887 939 2935 ui
957 2897 1009 2954 per
1029 2878 1101 2942 bauo
1120 2904 1185 2961 pro-

126 2963 271 3029 bationem
291 2972 374 3030 liberi
396 2991 453 3031 non
475 2974 550 3043 sini,
582 2975 635 3031 nisi
657 2976 692 3031 de
713 2976 836 3047 ingenuo
857 2984 935 3050 patre
957 2980 999 3036 vel
1019 2988 1106 3040 matre
1127 2987 1184 3044 nati

126 3068 200 3138 sint,
223 3077 270 3127 aut
290 3077 395 3128 cartam
416 3072 551 3130 libertatis
573 3073 730 3130 ostendant.

161 3183 226 3235 Dein
244 3190 326 3248 capita
345 3201 413 3250 quae
431 3192 457 3238 in
477 3190 590 3240 editione
609 3188 694 3238 suntd
709 3188 770 3249 eid,
791 3193 817 3240 in
836 3190 926 3244 codiee
940 3191 1107 3255 Eporediensi
1124 3205 1184 3249 etant

127 3284 172 3322 iiii
190 3281 259 3326 etv.
278 3275 333 3326 Vox
351 3279 428 3328 ierem
447 3281 473 3328 in
492 3278 543 3328 line
563 3277 716 3341 Capituleris
728 3278 817 3346 deest.

550 3421 760 3432 --—--——.-—-

644 3509 665 3571 i

448 3714 450 3718 ·
530 3674 770 3784 ddelcbis
822 3681 824 3690 ’

447 3837 738 3900 beneventanorum
760 3839 852 3902 Ducis

549 3937 758 4046 llapitolaro.

174 4193 198 4251 i.
223 4193 255 4252 St'
274 4213 365 4254 seruos
385 4195 470 4256 libero
490 4217 602 4257 acoron
622 4202 720 4258 tulerit.
780 4192 783 4198 ’

161 4291 200 4349 ii.
222 4293 264 4349 De
284 4296 390 4350 bmnine
407 4315 525 4368 popano.

145 4390 200 4448 iii.
224 4389 256 4448 Si
282 4393 380 4448 molier
406 4396 602 4466 morqirieopud
632 4395 734 4464 factem
762 4414 818 4453 non
844 4398 969 4455 babuerit
995 4407 1043 4457 oet
1075 4402 1177 4469 [octone

224 4492 384 4560 perdiderit.
