3170 5218
472 493 610 540 annerum
632 495 697 544 car.
714 492 739 534 n
753 513 780 523 -
793 455 828 535 n,
1131 473 1190 536 121

216 641 262 718 (l.)
284 645 342 704 18·
368 644 430 702 Hoc
450 649 542 701 nutem
564 651 683 702 statuere
703 644 884 718 previdimus,
907 650 938 700 ut
956 659 1063 700 marcas
1086 648 1193 700 nostras

138 739 296 798 CHRlSTO
317 741 491 798 custodiente
512 741 551 798 sic
573 743 673 800 debeat
694 743 754 799 lieri
776 742 919 801 ordinatas
940 749 969 796 et
989 740 1131 811 vigilatas,
1164 746 1194 796 ut

138 839 242 896 inimici
264 839 349 896 nostri
372 840 414 896 vel
435 839 526 909 gentis
548 847 641 896 nostre
665 857 719 895 non
742 840 850 912 possint
870 856 920 913 per
941 856 987 896 eas
1005 840 1110 896 sculcas
1130 838 1194 896 mil·

139 945 194 993 tere
216 943 262 993 aut
284 938 394 1007 lugaces
421 938 545 993 exientes
574 938 731 1010 suscipere,
762 938 811 994 sed
836 939 928 994 nullus
956 937 1040 1000 homo
1071 954 1121 1009 per
1148 954 1195 994 eas
1244 998 1251 1013 .
1304 986 1308 995 .

138 1036 253 1093 introire
274 1037 361 1108 possit
382 1035 442 1092 sine
464 1035 545 1105 signo
567 1044 613 1092 aut
635 1036 752 1108 epistola
774 1035 858 1106 regis.
882 1035 1033 1107 Propterea
1048 1034 1196 1106 unusquis-

138 1151 191 1207 que
215 1133 299 1206 judex
321 1150 372 1206 per
392 1151 512 1191 marcam
535 1134 586 1191 sibi
609 1135 783 1191 commissam
806 1135 858 1190 tale
880 1132 971 1188 studio
999 1139 1026 1188 et
1052 1132 1193 1202 vigilantia

138 1249 243 1305 ponere
265 1233 381 1303 debeat,
413 1240 441 1288 et
461 1247 512 1304 per
532 1247 563 1287 se
583 1239 611 1286 et
632 1247 681 1304 per
701 1231 872 1304 locopositos
893 1231 934 1286 vel
964 1230 1095 1287 clusarios
1117 1246 1191 1298 suos,

138 1336 166 1385 ut
195 1329 287 1386 nullus
315 1331 399 1386 homo
429 1330 489 1385 sine
518 1313 668 1399 signoaut
688 1330 803 1402 epistola
825 1328 898 1399 regis
926 1327 1000 1383 exire
1022 1326 1115 1400 possit.
1158 1327 1195 1383 Et

138 1428 202 1484 dum
232 1427 266 1483 ad
292 1427 507 1498 ingrediendum
543 1428 670 1484 venerint
700 1426 839 1500 peregrini
870 1426 906 1481 ad
936 1427 1041 1481 clausas
1074 1431 1191 1492 nostras,

138 1525 185 1597 qui
205 1525 241 1580 ad
261 1525 378 1582 Romam
400 1525 541 1581 ambulare
563 1524 726 1597 disponunt,
750 1524 899 1594 diligenter
920 1522 1021 1579 debeat
1041 1539 1088 1578 eos
1110 1521 1195 1578 inter-

137 1639 235 1694 rogare
258 1623 331 1679 unde
353 1622 418 1691 sint,
441 1622 510 1678 etsi
535 1629 709 1693 cognoscunt
729 1622 806 1695 quod
828 1621 991 1694 simpliciter
1010 1620 1133 1689 veniant,
1156 1620 1196 1675 la-

137 1721 190 1775 ciat
206 1719 292 1792 judex
312 1727 359 1776 aut
380 1719 512 1776 clusarius
533 1735 684 1791 socropos,
719 1725 746 1774 et
766 1718 856 1774 mittat
886 1719 913 1774 in
941 1736 1022 1787 cern,
1055 1725 1082 1773 et
1109 1724 1195 1791 ponat

137 1817 190 1872 sibi
211 1817 333 1886 sigillum
354 1835 444 1886 suum,
467 1823 498 1873 ut
518 1809 570 1890 ipsi
592 1825 689 1889 postea
706 1817 854 1873 ostendant
874 1817 966 1890 ipsum
981 1817 1091 1886 signnm
1104 1815 1195 1872 missis

139 1914 236 1979 nostri,
260 1931 331 1986 quos
352 1931 403 1970 nos
426 1915 685 1971 ordaenaverimus:
708 1915 819 1984 signum
835 1921 899 1986 post
919 1915 972 1969 hoc
987 1915 1086 1970 missus
1107 1915 1194 1969 nostri

136 2012 239 2068 iaciant
267 2012 307 2068 eis
335 2013 451 2085 epistola
478 2013 513 2069 ad
535 2014 650 2069 Romam
672 2012 854 2077 ambulandi;
882 2018 909 2067 et
930 2029 981 2066 con
1005 2019 1139 2067 renerent
1159 2011 1193 2068 da

135 2111 225 2166 Romo
245 2110 383 2184 accipiant
402 2111 483 2182 signo
504 2111 546 2167 de·
560 2112 644 2167 anolo
666 2111 746 2181 regis.
771 2111 800 2167 Si
823 2125 887 2165 vero
908 2116 1097 2180 cognoverent
1118 2109 1194 2181 quod
1290 2153 1294 2163 ,

137 2208 323 2267 fraudolenter
343 2208 475 2278 veniant,
499 2224 549 2280 per
569 2224 634 2264 suus
657 2210 754 2266 missos
775 2225 824 2264 eos
844 2208 879 2264 ad
902 2223 952 2262 nos
973 2205 1079 2278 dirigo,
1104 2211 1132 2262 et
1152 2207 1196 2262 in-

140 2311 264 2362 notescat
286 2304 366 2362 nobis
390 2322 471 2362 causa
492 2306 569 2379 ipsa:
603 2323 667 2362 nam
699 2306 745 2378 qui
771 2305 824 2361 ille
847 2305 933 2377 judex
954 2304 1119 2365 hoclacere
1141 2304 1196 2360 dis-

136 2405 256 2472 tullerit,
280 2413 327 2473 et,
356 2405 432 2478 quod
454 2405 537 2473 absc,
571 2404 643 2460 sorte
664 2421 714 2476 per
734 2404 820 2477 ipsius
843 2401 940 2458 notitia
962 2401 1063 2475 aliquis
1084 2401 1193 2466 exierit,

135 2502 280 2574 sanguinis
300 2520 350 2559 suo
372 2503 495 2560 incurrat
515 2503 688 2575 periculum,
718 2510 746 2557 et
766 2517 810 2558 res
831 2501 890 2573 ejus
911 2501 1084 2557 infiscentur.
1116 2499 1194 2556 Etsi

136 2600 362 2673 praesumpserit,
375 2600 469 2674 jurare
498 2601 574 2673 quod
600 2600 660 2656 sine
689 2599 748 2672 ejus
775 2599 940 2672 premissum
967 2599 1068 2656 lactum
1090 2596 1194 2668 luisset,

136 2697 185 2754 sed
206 2699 310 2754 solutus
338 2698 474 2770 aculpa3
507 2715 558 2770 pro
587 2697 720 2755 allectum
747 2704 859 2767 tamen,
891 2698 927 2753 sit
953 2713 982 2753 se
1011 2694 1193 2770 aduniaverit,

135 2804 278 2868 conponat
298 2797 327 2852 in
349 2797 452 2868 palatio
474 2796 611 2854 widricild
631 2813 723 2853 suum.
767 2797 802 2852 Et
823 2797 876 2851 hoc
896 2795 1038 2863 addimus,
1062 2801 1092 2850 ut
1112 2809 1197 2850 unus·

137 2895 257 2968 quisque
275 2893 361 2966 judex
383 2900 469 2966 ponat
489 2894 707 2951 sollicitudinem
729 2910 778 2966 per
794 2892 933 2965 'judicaria
953 2908 1001 2950 sua
1022 2893 1051 2948 in
1073 2892 1196 2964 partibus

136 2992 279 3061 Tussciae,
303 2999 334 3047 ut
354 2993 446 3048 nullus
468 2993 552 3048 homo
575 2993 663 3066 possit
680 2991 741 3047 sine
757 2993 897 3048 voluntate
918 2990 991 3061 regis
1010 2991 1054 3045 vel
1075 2989 1196 3059 sigillum

134 3089 241 3162 aliquid
263 3091 398 3153 transiret
420 3089 491 3146 etsi
512 3089 656 3146 inventum
678 3089 759 3145 luerit
780 3089 856 3161 quod
877 3087 937 3144 sine
955 3087 1081 3160 jussione
1104 3094 1193 3144 trans·

134 3189 219 3257 isset,
252 3196 282 3244 ut
313 3188 435 3259 sigillum
460 3189 568 3262 aliquid
596 3188 713 3246 transire
741 3203 798 3242 non
830 3186 1018 3251 edoniaverit,
1053 3191 1197 3258 conponat

135 3286 275 3358 widrigild
295 3303 386 3344 suum.

202 3382 281 3459 ι(Π.)
302 3387 361 3442 14.
383 3387 423 3442 De
445 3385 578 3456 gasindiis
599 3384 715 3457 quidem
736 3383 823 3440 nostri
844 3382 882 3439 ita
895 3388 1026 3447 statuere,
1051 3389 1083 3436 ut
1103 3381 1197 3438 nullus

21 3471 24 3477 ’
132 3483 221 3556 judex
249 3499 297 3538 eos
318 3500 461 3557 opremerc
483 3484 621 3550 debeant,
656 3482 792 3555 queniam
820 3499 872 3538 nos
899 3481 1033 3537 dehemus
1055 3479 1197 3550 gasindios

123 3589 246 3638 nostros
267 3582 426 3638 defendere.
449 3580 528 3640 Etsi
550 3587 647 3638 contra
670 3582 731 3650 lege
749 3581 857 3653 aliquid
879 3579 984 3637 iaciunt
1005 3578 1197 3635 adarimanno

133 3680 269 3749 homine,
293 3668 320 3735 et
340 3681 375 3736 ad
394 3679 490 3752 judice
511 3681 674 3736 reclamaret
694 3694 794 3746 suum,
824 3679 913 3751 judex
939 3684 988 3734 aut
1008 3692 1057 3749 per
1078 3676 1196 3749 epistola

133 3785 183 3836 aut
213 3779 326 3852 proprio
348 3794 396 3834 ore
417 3778 566 3834 admoneat
587 3777 714 3849 gasindio
737 3784 832 3833 nostro
854 3783 884 3832 ut
900 3776 1009 3848 judicet
1036 3776 1065 3830 in
1087 3791 1133 3832 se:
1167 3780 1196 3830 et

135 3878 240 3950 ipsum,
263 3876 285 3932 si
303 3875 430 3948 judicare
452 3893 508 3931 non
530 3875 598 3944 scit,
621 3876 732 3932 advocit
752 3876 821 3932 alios
843 3875 1013 3931 conlibertus
1035 3873 1084 3946 qni
1104 3874 1197 3930 sciunt

131 3975 270 4048 judicare,
294 3980 322 4030 et
338 3973 439 4046 judicit
460 3990 574 4031 causam
594 3973 682 4046 ipsam
704 3975 872 4046 perlegam,
896 3981 924 4028 et
944 3973 1024 4029 lactat
1039 3971 1197 4043 judicatum

134 4090 230 4142 snum,
254 4080 285 4128 ut
305 4070 467 4129 arimannos
488 4059 547 4145 ipse
569 4071 697 4142 fatigatus
719 4087 775 4127 non
795 4071 851 4128 liat.
874 4071 941 4126 Nam
960 4076 1112 4142 antequam
1131 4085 1195 4125 eum

135 4173 297 4240 admoneat,
320 4170 393 4227 sicut
414 4171 588 4236 dictumest,
612 4186 668 4226 non
681 4169 815 4242 parwila,
840 4186 896 4226 non
912 4185 962 4242 per
972 4169 1196 4242 pignerationem

134 4271 198 4328 sine
216 4269 342 4343 jussione
364 4275 458 4329 nostra
479 4270 569 4328 lacere
589 4268 653 4342 quis
673 4275 854 4341 presummat.
878 4267 1029 4325 Gusindius
1049 4282 1115 4323 vero
1136 4260 1208 4339 ipse'

135 4369 161 4426 si
183 4367 333 4425 distullerit
348 4366 493 4439 judicare,
526 4374 553 4423 et
573 4367 663 4437 legem
684 4383 742 4421 non
760 4365 940 4438 judicaverit,
968 4364 1049 4437 judin
1070 4379 1134 4420 eum
1155 4363 1198 4420 di·

135 4466 267 4538 stringat,
290 4466 364 4523 idem
386 4464 532 4521 arimanno
550 4464 657 4539 justitia
678 4464 827 4522 iaciendo:
850 4463 885 4520 sit
905 4471 997 4522 tamen
1019 4480 1076 4519 non
1098 4461 1196 4520 doloso
