3172 5228
396 540 437 602 lt
754 557 940 604 nrnrrrnrnnr
964 559 1054 604 neers

475 705 580 779 (XIIII.
601 708 642 764 lle
663 707 835 784 deuotione.)
867 711 931 767 48.
953 709 983 766 Si
1004 710 1065 783 quis
1084 709 1133 767 alii
1154 709 1261 769 homini
1283 711 1449 785 qualiscum-

395 821 449 878 que
471 819 529 862 rem
550 806 713 872 donaverit,
737 813 764 862 et
785 808 926 878 launegild
948 807 1108 880 susciperit,
1132 814 1160 864 et
1180 817 1275 880 postea
1297 810 1448 866 defendere

396 904 509 960 minime
533 904 668 976 potuerit:
702 912 767 960 tunc
788 906 870 962 aliam
892 907 974 962 talem
995 922 1054 961 rem
1075 906 1185 978 qualem
1207 906 1341 975 donavit,·
1358 907 1449 979 qualis

395 1002 423 1058 in
444 1002 491 1057 illa
512 1001 558 1058 die
578 983 718 1058 invenitur
739 1019 818 1073 esse,
848 1005 947 1079 reddat
966 1004 1009 1060 cui
1031 1003 1162 1072 donavit,
1196 1011 1223 1060 et
1252 1004 1370 1076 emplius
1390 1020 1449 1058 non

394 1099 587 1156 calomnietur.
629 1101 665 1156 Et
693 1101 715 1156 si
749 1101 783 1156 de
805 1101 937 1157 conludio
963 1102 1086 1173 pulsatus
1110 1100 1211 1170 luerit,
1241 1101 1387 1158 satisfaciat
1414 1103 1450 1156 ad
1561 1147 1562 1176 3

395 1197 536 1268 evangelia
558 1199 633 1270 quod
655 1200 762 1256 nullum
782 1199 945 1256 conludium
966 1215 1030 1256 cum
1059 1198 1143 1256 elium
1166 1199 1308 1264 hominem
1333 1199 1368 1255 de
1388 1199 1450 1270 ipsa

393 1310 473 1352 causa
495 1297 595 1352 lactum
617 1297 734 1367 haheat,
767 1304 795 1354 et
821 1297 856 1352 sit
877 1299 982 1355 solutus
1003 1298 1038 1354 de
1061 1298 1158 1377 culpae
1181 1297 1220 1354 sic
1241 1303 1333 1356 tamen
1354 1304 1383 1352 ut
1403 1315 1452 1354 su-

394 1393 574 1465 prescriptam
595 1411 653 1452 rem
674 1395 851 1457 consimilem
871 1396 970 1452 reddat
990 1396 1033 1452 cui
1056 1395 1177 1453 donavit.

423 1547 424 1552 ,
473 1489 554 1565 (XV.)
584 1495 646 1549 44.
678 1495 720 1549 Ile
741 1510 834 1551 servus
855 1494 951 1564 fugace
979 1501 1006 1548 et
1027 1493 1131 1550 aduena
1153 1491 1277 1557 homine,
1302 1490 1373 1549 siin
1395 1492 1451 1548 alia

391 1588 536 1660 iudiciaria
558 1590 684 1646 inventus
706 1592 796 1660 luerit,
821 1599 886 1647 tune
907 1591 1030 1661 deganus
1052 1597 1100 1647 aut
1119 1591 1316 1662 saltanius‘qui·
1334 1589 1362 1644 in
1386 1591 1451 1644 loeo
1561 1625 1562 1634 1

394 1694 435 1744 est
455 1686 683 1761 conprehendere
705 1688 821 1756 deveat,
852 1694 879 1744 et
906 1689 941 1744 ad
971 1688 1110 1744 sculdahis
1140 1702 1220 1744 suum
1241 1687 1391 1758 perducat,
1421 1695 1465 1740 et·

394 1783 453 1856 ipse
481 1783 619 1840 sculdahis
643 1785 730 1856 judici
758 1801 813 1864 suo
836 1785 990 1855 consignet.
1033 1786 1068 1840 Et
1095 1785 1155 1857 ipse
1179 1784 1266 1856 judex
1286 1789 1450 1856 potestatem

394 1881 493 1936 haheat
514 1897 577 1936 eum
598 1881 796 1954 inquirendum
824 1883 898 1939 unde
927 1883 986 1955 ipse
1009 1890 1066 1946 est;
1099 1889 1127 1938 et
1155 1881 1177 1938 si
1207 1881 1338 1938 inventus
1367 1880 1451 1937 suerit

395 1979 470 2050 quud
491 1995 585 2046 servus
606 1979 642 2035 sit
661 1986 709 2035 aut
729 1980 782 2049 sur,
805 1997 870 2038 mox
882 1980 995 2056 mandet
1011 1980 1182 2052 adjudicetur
1195 1986 1241 2035 aut
1254 1980 1288 2034 ad
1305 1979 1451 2035 dominum
1561 1995 1562 2004 ¹

291 2113 293 2118 -
394 2076 452 2148 ejus
473 2077 547 2133 unde
569 2076 627 2148 ipse
649 2078 746 2142 luerit,
781 2086 809 2133 et
829 2078 931 2137 haheat
951 2095 1002 2150 pro
1023 2094 1137 2154 presure
1159 2078 1194 2132 de
1215 2077 1276 2149 ipso
1298 2093 1378 2132 servu
1399 2092 1451 2148 per

396 2181 478 2247 caput
497 2175 602 2230 solidos
623 2176 709 2231 duos:
732 2177 754 2232 si
776 2183 868 2232 autem
889 2183 952 2249 post
971 2176 1132 2249 inquisitam
1155 2192 1265 2251 causam
1286 2175 1344 2247 ipse
1366 2175 1451 2234 homo

395 2257 443 2345 qui
464 2273 672 2345 conprehensus
693 2281 740 2330 aul
760 2275 919 2346 inquisitus¹
931 2275 1013 2331 luerit
1034 2275 1111 2334 liber
1132 2265 1301 2348 aparuerit‚'
1319 2274 1395 2328 nulla
1414 2273 1453 2328 sit

395 2370 475 2440 culpa
503 2370 528 2426 ei
555 2370 602 2443 qui
624 2388 688 2427 eum
717 2371 802 2442 presit
831 2377 877 2428 aut
905 2352 1058 2445 inquisivit.
1102 2372 1132 2427 si
1163 2388 1230 2428 vero
1259 2371 1384 2440 daganus
1403 2377 1453 2424 aut

395 2467 520 2550 saltarios
542 2468 594 2523 huc
616 2469 706 2548 lacere
728 2469 881 2539 distulerit,
905 2475 1046 2542 conponat
1067 2469 1173 2526 solidos
1194 2486 1249 2540 un,
1273 2468 1452 2524 medietatem

396 2565 536 2621 sculdahis
556 2581 616 2634 suo,
640 2573 668 2621 et
687 2567 863 2622 medietatem
885 2568 961 2640 eujus
977 2584 1058 2624 causa
1079 2576 1136 2632 esta
1158 2574 1185 2624 et
1205 2567 1228 2624 si
1243 2565 1383 2623 sculdahis
1402 2581 1454 2620 ne-

396 2663 514 2718 clectum
537 2663 668 2732 posuerit,
692 2665 957 2747 conponatsolidos¹
977 2682 1044 2733 vrn,
1077 2665 1255 2721 medietatem
1277 2663 1364 2742 judici
1387 2677 1450 2726 suo,

397 2766 424 2815 et
444 2759 629 2836 medietatem
642 2761 719 2832 cujus
739 2779 819 2819 eausa
842 2770 899 2828 est3
931 2763 953 2818 si
975 2781 1039 2818 vero
1057 2762 1142 2836 judex
1165 2762 1285 2818 adeum
1307 2760 1454 2832 inquiren-

396 2857 526 2942 dum'vel
554 2856 713 2914 mandatum
741 2859 898 2916 laciendum
929 2860 1003 2916 unde
1035 2861 1094 2932 ipse
1126 2859 1209 2915 homo
1238 2865 1282 2915 est
1302 2855 1451 2926 distulerit,
1561 2843 1562 2886 ³

397 2953 539 3025 conponat
559 2955 587 3011 in
610 2956 713 3028 palatio
735 2957 838 3014 solidos
859 2975 909 3014 ιιι.
952 2959 988 3014 Et
1009 2958 1031 3014 si
1052 2959 1099 3014 ille
1117 2958 1203 3029 judex
1225 2955 1270 3013 oui
1291 2955 1452 3011 mandatum

396 3053 502 3108 venerit
522 3055 676 3109 neeleetum
697 3055 792 3110 lecerit
812 3057 846 3111 ad
867 3056 958 3128 ipsum
980 3045 1381 3123 hominem'recollegendum
1405 3058 1454 3106 aut

386 3149 542 3232 ‘arimanno
563 3167 612 3206 suo
636 3143 990 3223 mandatumlaoiendum‚
1014 3154 1077 3227 quia
1099 3154 1135 3210 ln
1156 3155 1209 3210 tole
1229 3155 1285 3207 loco
1306 3153 1383 3205 homo
1404 3157 1452 3205 tuo
1561 3151 1562 3244 l

397 3249 588 3318 conprehensus
599 3257 646 3319 est,
669 3256 695 3305 et
710 3243 762 3306 hoc
779 3251 938 3316 neclexerit,
957 3258 1097 3324 conponat
1112 3251 1140 3307 in
1161 3250 1263 3323 palatio
1279 3247 1383 3303 solidos
1396 3262 1450 3301 ιιι.

397 3345 433 3400 Et
452 3345 487 3400 sit
507 3347 625 3432 spatium
646 3347 681 3403 de
702 3347 767 3419 ipso·
783 3349 913 3405 mandato
935 3348 1115 3417 laciendum„
1138 3349 1167 3404 in
1188 3347 1247 3406 istis
1275 3343 1400 3419 partibus
1419 3343 1452 3398 in
1561 3369 1562 3432 p

397 3458 454 3498 uno
475 3459 591 3510 mense;
615 3450 689 3500 trans
710 3437 796 3517 Alpes
817 3463 882 3502 vero
903 3446 932 3502 in
950 3448 1073 3520 partibus
1088 3446 1188 3502 Tuscie
1208 3448 1237 3501 in
1254 3458 1362 3499 menses
1383 3441 1450 3500 duo.
1561 3489 1562 3510 p

477 3537 578 3614 (XVI.)
605 3541 668 3598 45.
697 3542 725 3597 Si
748 3543 809 3615 qrris
830 3543 957 3600 astalaria
978 3545 1090 3601 alterius
1111 3542 1285 3620 capelaverit,
1309 3545 1452 3611 conponat
1561 3543 1562 3568 l

397 3637 422 3693 ei
444 3637 529 3714 cujus,
542 3639 666 3722 astalaria
688 3637 771 3696 tuerit
790 3642 894 3699 solidos
915 3657 954 3697 vr.
1103 3686 1104 3692 ,

476 3734 588 3811 (XVII.)
615 3739 680 3795 46.
709 3739 738 3794 Si
760 3740 822 3811 quis
844 3740 975 3796 fossatum
1001 3741 1031 3796 in
1052 3745 1123 3795 terra
1145 3737 1256 3794 alterius
1276 3735 1392 3804 lecerit,
1423 3741 1453 3790 et

369 3915 372 3921 Ι
398 3850 474 3892 suam
496 3853 551 3892 non
568 3835 689 3907 potnerit
703 3853 828 3909 provere,
852 3845 993 3910 conponat
1013 3839 1039 3894 ei
1057 3838 1133 3910 cujus
1149 3842 1223 3892 terra
1242 3839 1283 3890 est
1297 3832 1401 3888 solidos
1412 3849 1450 3890 vr.
1561 3833 1562 3856 l

459 4003 460 4010 ἵ
478 3930 605 4005 (XVIII.)
626 3935 684 3989 42.
706 3933 735 3989 Si
749 3936 813 4006 quis
832 3951 898 4006 sepe
919 3935 948 3991 in
971 3942 1041 3992 terra
1058 3935 1169 3992 alterius
1186 3932 1301 4001 miserit,
1325 3936 1352 3986 et
1372 3946 1451 3986 suam
1561 3913 1562 3916 ¹

398 4045 513 4102 provere
535 4047 593 4085 non
613 4030 744 4103 potuerit,
767 4040 910 4106 conponat
930 4033 955 4088 ei
976 4034 1053 4106 cujus
1075 4040 1146 4090 terra
1167 4038 1208 4088 est
1226 4031 1330 4086 solidos
1350 4044 1397 4084 vr:

478 4123 618 4202 (XVIIII.)
648 4131 711 4187 48.
742 4130 772 4186 Si
802 4132 864 4203 quis
891 4131 1009 4189 liberum
1039 4131 1182 4188 hominem
1209 4129 1275 4185 loris
1304 4125 1451 4199 prouincia
1561 4103 1562 4136 Ε

399 4225 574 4296 eluderent,
605 4234 747 4300 conponat
774 4228 990 4302 widrigildrejus
1012 4236 1152 4301 tamquam
1172 4228 1195 4286 si
1216 4243 1279 4284 eum
1300 4225 1449 4282 occisisset

406 4353 408 4362 ι
480 4319 573 4396 (XX.)¹
594 4325 660 4381 49.
691 4324 722 4380 Si
743 4324 804 4398 quis
825 4342 934 4382 servum
954 4327 1076 4384 alienum
1103 4325 1169 4381 loris
1191 4311 1333 4397 provincia
1354 4323 1451 4378 vinde-

400 4419 489 4486 derit,
519 4425 547 4476 et
566 4429 709 4494 provatum
740 4423 838 4494 luerit,
868 4425 897 4480 in
918 4426 1105 4497 quadruplum
1134 4431 1360 4495 eum-conponat
1379 4419 1451 4477 siout

400 4518 552 4591 appretiata
573 4512 658 4576 luerit
675 4519 735 4592 ipsa
756 4536 883 4593 persona.
