3172 5228
495 569 632 614 enrcrmr
655 569 722 616 eae.
736 564 749 611 1
764 588 789 596 -
804 565 827 608 a.
1151 547 1193 610 57

137 717 214 776 tinus
232 719 258 776 ei
280 719 484 792 permittimus,
512 726 554 776 set
582 718 682 777 serviat
712 719 784 776 sicut
811 717 885 775 decit
911 733 1005 780 servus
1026 724 1073 776 ant
1093 717 1194 776 ancilla

139 816 254 890 proprio
276 816 392 874 domino
413 833 472 876 suc.
502 817 636 875 Similiter
656 822 683 872 et
703 815 725 873 si
747 816 837 872 aldius
858 815 950 880 luerit,
973 815 1109 889 inpendat
1129 816 1196 872 obe-

140 915 246 972 dientia
267 921 385 987 patrono
405 931 458 972 suo
478 915 549 973 sicut
569 931 618 988 per
638 913 761 985 trigenta
780 930 869 970 annos
891 913 967 979 lecit,
992 922 1020 970 et
1038 913 1064 972 ei
1086 930 1156 970 nova
1178 930 1195 970 a

139 1013 256 1068 domino
277 1028 328 1069 suo
349 1013 468 1085 amplius
494 1029 553 1068 non
582 1012 751 1085 inponatur,
779 1013 829 1068 sed
857 1011 940 1068 leciat
968 1029 1032 1070 eum
1060 1027 1105 1070 res
1132 1027 1196 1070 suas

139 1111 242 1168 habere
263 1127 331 1184 quas
352 1127 403 1184 per
421 1110 541 1182 trigenta
563 1126 699 1166 annorum
720 1109 813 1182 spatia
826 1110 899 1184 juste
920 1110 1054 1183 possedit.

217 1212 254 1265 fl.
296 1210 337 1264 lle
359 1208 454 1264 liberis
476 1208 511 1264 de
532 1208 639 1280 quillus
653 1213 762 1264 constat
781 1224 835 1263 xxx
856 1208 936 1264 annis
957 1208 986 1264 in
1001 1208 1129 1264 libertate
1145 1223 1195 1263 sua

139 1307 349 1380 permansissit,
379 1307 453 1363 nulla
474 1322 525 1379 per
545 1321 638 1379 pugna
660 1305 779 1378 patiatur
799 1305 947 1372 violentia,
976 1307 1024 1362 sed
1046 1307 1135 1362 leceat
1154 1305 1194 1360 eis
1295 1291 1300 1308 '

137 1404 167 1462 in
188 1405 344 1485 libertatem
365 1421 443 1460 suam
464 1420 648 1477 permanere;
678 1410 706 1459 et
725 1404 747 1460 si
770 1421 818 1459 eos
840 1404 1008 1478 quicumque
1031 1402 1192 1477 pulsaverit,

137 1504 227 1559 leeeat
245 1503 300 1559 illis
321 1519 384 1558 curu
405 1503 650 1561 sacramentalibus
672 1501 727 1557 suis
749 1500 888 1572 legetlmis
909 1517 939 1558 se
961 1501 1104 1559 edoniare.

218 1603 266 1657 ⁸01
277 1597 418 1674 (Deculpc
434 1599 592 1672 annorum.)
614 1595 644 1654 Si
663 1615 756 1656 seruus
771 1601 853 1656 talem
871 1601 980 1673 culpam
992 1599 1099 1669 iecerit,
1119 1598 1194 1655 unde

139 1713 228 1754 ncccc
249 1698 353 1762 solidi.
385 1714 456 1771 quae
484 1697 512 1753 in
542 1698 595 1753 troc
616 1697 745 1754 Edictum
766 1698 860 1770 scripti
883 1707 964 1767 sunt,
983 1697 1145 1770 judicantur
1164 1702 1195 1752 ut

139 1795 269 1852 dominus
292 1812 341 1868 pro
362 1811 441 1852 seruo
461 1794 566 1851 deserit
580 1811 755 1867 conponere,
779 1795 1193 1869 ethocumpotare.1'nssirnus;

139 1900 169 1950 ut
189 1893 212 1949 si
234 1894 334 1949 lactum
356 1893 446 1962 luerit,
472 1893 630 1950 nihil-aliut
651 1901 793 1966 conponat
813 1894 943 1972 dominus
963 1894 1037 1968 ejus,
1061 1893 1115 1951 nisi
1136 1892 1194 1963 ipsa

138 2007 258 2065 persona
278 1991 368 2048 tradat
388 1990 423 2047 ad
445 1991 647 2060 occidendum,
683 1998 711 2046 et
736 1997 878 2064 conponat
904 2008 955 2065 pro
982 1991 1093 2047 inlecita
1113 2005 1195 2046 causa

138 2090 216 2162 quod
237 2105 332 2146 sersus
352 2089 508 2162 penetravit
531 2089 637 2145 solidos
657 2105 709 2146 ux:
733 2089 850 2160 amplius
873 2105 930 2144 non
950 2088 1117 2162 requiratur.
1159 2087 1197 2144 Et

138 2189 162 2245 si
181 2188 241 2261 ipse
262 2203 356 2246 servus
376 2186 441 2258 luga
462 2187 555 2258 lapsus
575 2185 677 2252 luerit,
699 2163 738 2242 et
766 2203 823 2242 non
846 2187 966 2268 potuerit
987 2185 1116 2243 domiuus
1137 2185 1196 2258 ejus
1221 2239 1224 2250 ,

138 2302 206 2344 eum
223 2285 359 2350 invenire,
381 2284 424 2341 dit
444 2301 495 2357 pro
516 2284 577 2357 ipso
598 2300 677 2340 servo
698 2283 745 2357 qui
767 2283 830 2356 luga
853 2283 932 2356 petiit
952 2290 999 2341 aut
1018 2300 1047 2341 se
1070 2283 1196 2340 dilatavit

138 2383 244 2442 solidos
264 2400 301 2439 ιι
312 2399 325 2449 3·
343 2389 372 2438 et
391 2388 504 2456 preveat
524 2388 726 2442 sacramentum
749 2381 878 2440 dominus
900 2382 958 2454 ejus
979 2382 1055 2454 qnod
1070 2397 1127 2438 non
1146 2397 1195 2453 po·

140 2481 229 2539 tuissit
244 2481 336 2555 ipsum
349 2497 458 2538 servum
476 2481 620 2546 invenire3
643 2481 708 2538 etsi
722 2481 1092 2554 quandocumqueinventus
1101 2480 1192 2545 luerit,

139 2579 230 2638 tradat
249 2595 312 2637 eum
333 2584 364 2636 ut
384 2595 465 2652 supra
487 2578 523 2635 ad
544 2579 736 2648 moriendum,
759 2586 787 2635 et
807 2578 924 2651 recipiat
943 2579 1049 2635 solidos
1069 2595 1106 2634 ιι
1126 2594 1196 2651 quos

140 2695 191 2752 pro
212 2678 306 2749 lugam
327 2677 413 2751 ipsius
440 2677 534 2743 dedit3
566 2694 630 2734 nam
660 2683 808 2747 sexagenta
839 2677 947 2733 solidos
974 2682 1118 2749 conponat
1145 2692 1197 2748 pro

139 2777 221 2849 culpa
242 2793 326 2848 quam
347 2791 441 2832 servus
462 2775 537 2833 lecit.
578 2775 615 2831 Et
642 2775 664 2831 si
693 2791 787 2832 servus
807 2775 918 2846 expolia
946 2774 1074 2831 homenis
1094 2773 1195 2847 sepulti

140 2876 175 2931 de
195 2875 364 2947 sepulturam
385 2874 489 2942 tulerit,
511 2873 547 2928 de
569 2878 704 2944 quantum
724 2872 787 2928 tolit
807 2872 939 2928 dominus
958 2873 1017 2944 ejus
1029 2872 1145 2941 reddat,
1168 2877 1197 2928 et

139 2979 299 3045 conponat,
333 2976 364 3026 ut
384 2970 490 3028 dictum
510 2975 572 3040 est,
601 2970 707 3026 solidos
729 2986 784 3038 ιι,
820 2975 848 3025 et
875 2984 994 3041 persona
1017 2969 1140 3026 tradatur
1159 2969 1195 3026 ad

138 3069 328 3127 moriendum.
476 3075 477 3079 ’

217 3170 255 3225 4.
277 3167 333 3237 (De
351 3170 470 3239 tm'pcruc
496 3183 630 3224 cenorum
654 3167 845 3237 possessionem
861 3161 1033 3238 pretiorum.)
1075 3163 1106 3220 Si
1134 3163 1196 3236 quis

138 3282 189 3339 per
209 3265 322 3336 triginta
344 3264 424 3321 annis
445 3263 600 3337 possederit
620 3279 716 3333 casas,
739 3263 875 3330 familias,
898 3263 940 3321 uel
961 3268 1063 3332 terras,
1083 3267 1111 3318 et
1131 3278 1196 3332 cog-

139 3363 229 3420 nitum
251 3363 335 3419 luerit
355 3361 421 3434 quia
442 3362 500 3434 ejus
518 3353 660 3434 'possessio
683 3361 743 3430 init,
766 3368 830 3433 post
842 3361 960 3432 trigenta
975 3377 1114 3419 annorum
1135 3377 1196 3416 cur·

136 3463 224 3519 ricula
245 3475 369 3534 pugnam
397 3476 454 3515 non
476 3459 637 3532 proveniat,
671 3459 724 3518 uisi
746 3460 806 3532 lpse
827 3456 873 3532 qui
897 3459 1020 3534 possedit
1041 3460 1195 3516 secundum
1278 3440 1285 3459 '

138 3561 297 3634 qualitatem
319 3559 454 3632 pecuniae
475 3575 538 3614 cum
559 3559 772 3614 sacramentales
799 3573 864 3612 suos
894 3574 923 3613 se
950 3558 1098 3624 delendat3
1131 3575 1195 3616 nam

138 3675 188 3732 per
208 3674 341 3731 pugnam,
366 3663 396 3712 ut
416 3657 521 3712 dictum
542 3661 594 3724 est,
618 3671 674 3711 non
697 3656 831 3716 laticetur.

111 3761 113 3770 '
218 3757 256 3814 ὅ.
279 3756 330 3829 (De
350 3757 512 3813 mcceanonc
531 3763 672 3826 nepotum,
703 3758 752 3825 qui
768 3762 829 3826 post
848 3762 960 3811 mortem
977 3733 1065 3826 patris
1084 3757 1115 3810 t’n
1134 3757 1195 3811 aino

135 3858 200 3913 uati
219 3853 403 3927 rememoro.)
446 3853 475 3910 Si
497 3853 569 3926 quis.
582 3853 708 3909 habuerit
720 3853 794 3909 lilius
811 3853 958 3924 legetimns
975 3853 1046 3908 duos
1067 3859 1114 3908 aut
1134 3852 1195 3924 plu-

135 3971 190 4023 res,
214 3951 408 4023 etcuntegerit
429 3968 516 4007 unum
536 3967 570 4006 ex
592 3951 656 4006 filiis
671 3951 778 4006 vivente
794 3960 877 4039 *patre
899 3951 981 4020 rnori,
1004 3957 1032 4007 et
1050 3950 1196 4023 reliquerit

28 4103 32 4108 .
136 4051 209 4108 filius
230 4048 370 4120 legitimus
391 4065 477 4106 unum
498 4054 546 4106 aut
566 4049 669 4120 plures,
693 4055 721 4105 et
732 4039 887 4118 contugerit
908 4049 980 4105 habu
998 4047 1087 4104 mori:
1111 4049 1194 4106 talem

134 4155 243 4223 partem
261 4147 409 4220 pereipiat
436 4147 471 4202 de
502 4146 655 4203 substantia
686 4146 732 4202 abi
762 4147 804 4202 sui
832 4163 887 4203 una
915 4163 979 4202 cum
1001 4146 1104 4218 patruis
1125 4145 1192 4215 suis,

136 4248 218 4322 quale
239 4252 318 4318 pater
337 4260 435 4301 eorum
455 4245 529 4302 inter
549 4244 678 4302 iratribus
699 4244 755 4300 suis
776 4250 956 4317 percepturus
982 4249 1042 4300 erat
1068 4243 1091 4300 si
1119 4244 1195 4302 vivus

135 4346 232 4404 luissit.
263 4342 400 4401 Similiter
419 4348 447 4400 et
467 4343 489 4399 si
511 4344 581 4400 litias
601 4341 740 4412 legitimas
761 4359 844 4399 unam
873 4350 919 4400 aut
939 4343 1051 4415 plures,
1075 4349 1121 4399 aut
1143 4342 1194 4400 lilii

139 4445 277 4501 naturales
298 4457 386 4500 unum
406 4447 453 4507 aut
484 4442 577 4513 plures
603 4440 731 4510 luerent,
765 4441 886 4497 habeant
908 4442 998 4512 legem
1019 4457 1098 4498 snam
1124 4439 1196 4498 sicut

138 4542 170 4601 in
201 4542 256 4600 hoc
286 4542 417 4600 Edictum
444 4539 555 4611 legitur.
596 4539 669 4609 Quia
695 4537 880 4597 inhumanum
908 4545 937 4596 et
963 4537 1080 4612 impium
1114 4539 1197 4597 nobis
