3170 5218
464 567 855 617 Ebldrundltl’.ltt-129·
1131 561 1191 624 101

106 708 109 714 ’
136 717 273 789 habuerit,
298 735 355 774 non
376 719 411 775 sit
431 721 582 793 culpavelis
603 721 650 778 ille
673 722 720 795 qni
743 718 807 779 eum
828 737 959 796 recepere
982 726 1117 793 noluerit,
1140 745 1193 786 nec

135 817 194 888 ipse
216 818 263 889 qui
286 817 352 874 dare
381 817 455 874 devit
483 819 569 890 possit
595 836 624 875 se
645 836 777 878 excusare
805 823 952 895 aculpam
974 823 1094 880 dicendo
1116 827 1193 898 quod

136 914 314 987 fidejussores
340 922 450 987 paratus
481 916 632 973 habuissit:
670 919 735 990 quia
755 919 954 993 inpossebilem
986 929 1041 986 est,
1074 928 1104 977 ut
1132 923 1193 979 talis

133 1012 288 1069 fidinssovis
309 1014 392 1069 bomo
414 1013 539 1086 recipiat,
563 1015 610 1087 qui
633 1031 690 1070 non
712 1015 825 1086 habent,
848 1017 898 1073 etsi
920 1017 1037 1090 amplius
1059 1035 1127 1090 noo,
1150 1021 1192 1076 vel

135 1117 270 1184 quantum
289 1111 381 1182 ipsum
402 1111 525 1168 devitum
547 1113 639 1182 fuerit,
663 1115 738 1186 qnod
760 1114 857 1170 tollere
878 1115 971 1170 locum
988 1114 1112 1188 pigneris
1128 1133 1193 1190 pos·

134 1209 185 1265 sit:
209 1209 244 1264 Et
272 1209 294 1265 si
326 1210 360 1264 de
382 1209 504 1281 presenti
525 1211 654 1268 habuerit
675 1213 749 1268 unde
779 1209 845 1268 dare
873 1213 935 1269 talis
962 1213 1117 1270 fidiussoris
1144 1216 1194 1289 qui

133 1307 290 1378 reeipiendi
304 1314 385 1377 suot,
409 1324 474 1388 ecee
496 1310 585 1374 bene3
609 1309 632 1366 si
653 1317 746 1367 autem
766 1309 825 1382 ipsa
847 1327 895 1366 ora
916 1327 974 1366 non
996 1311 1133 1382 habuerit,
1156 1313 1193 1369 sit

133 1406 258 1477 spacium
280 1407 313 1462 de
336 1407 423 1478 ipsam
444 1407 563 1463 wadiam
585 1414 639 1464 tres
661 1409 721 1464 dies
742 1407 801 1464 sine
812 1409 951 1481 culpam,
980 1415 1008 1464 et
1029 1415 1124 1480 postea
1145 1411 1193 1466 de·

133 1502 197 1558 beat
218 1505 283 1560 dare
305 1504 366 1560 talis
386 1504 548 1562 fidiossores
569 1507 618 1579 qni
634 1506 754 1562 habeant
774 1507 849 1563 unde
868 1509 1026 1580 persolvant
1047 1508 1123 1579 quod
1144 1508 1202 1586 de-¹

132 1601 204 1656 vitor
225 1603 290 1658 dare
312 1603 428 1669 debuit;
457 1605 479 1660 si
509 1603 572 1662 vero
601 1605 719 1678 amplius
741 1605 897 1664 dilataverit
926 1606 1096 1678 fidejussoris
1124 1606 1192 1662 dan·

133 1699 210 1769 dum,
234 1700 304 1756 sicut
324 1707 405 1759 antea
427 1703 571 1760 statuimus
593 1703 632 1759 sic
653 1712 804 1776 conponat.
898 1739 901 1746 ,

212 1830 314 1909 (ΧΠΙ.)
345 1838 430 1894 1911.
459 1837 693 1893 lntervenientem
714 1837 863 1893 vanissima
891 1842 920 1892 et
941 1836 1130 1908 superstitiosa
1150 1839 1192 1893 vel

133 1931 235 2002 cupida
256 1934 414 1990 soasionem
435 1943 462 1990 et
482 1935 706 2006 perversionem,
740 1935 880 2012 apparuit
894 1935 979 1989 modu
1009 1933 1038 1989 in
1060 1935 1103 1990 his
1124 1942 1194 1990 tem·

134 2029 262 2101 poribus,
294 2049 364 2104 qnae
390 2032 502 2111 inlecita
529 2032 610 2088 nobis
637 2034 679 2088 vel
708 2033 815 2087 cunctis
838 2031 939 2087 nostris
964 2031 1105 2103 judicibus
1126 2049 1193 2088 con-

129 2128 239 2200 junctio
261 2145 321 2185 esso
344 2131 450 2202 paruit,
482 2113 565 2202 quam
586 2120 679 2186 adulte
709 2129 815 2202 etjam
836 2135 943 2186 mature
972 2136 1060 2185 aetate
1087 2129 1192 2185 lemine
1290 2193 1294 2200 ¹

131 2211 300 2297 copolabant
320 2226 379 2283 sibe
401 2229 531 2300 puerolus
552 2229 681 2300 parvolus
701 2233 729 2303 et
750 2227 821 2282 intra
844 2233 945 2283 etatem
965 2227 1142 2297 legetimam,
1165 2220 1193 2282 et

132 2322 264 2378 dicebant
289 2311 366 2396 quod
397 2323 437 2380 vir
468 2324 526 2396 ejus
555 2326 702 2395 legerimus
724 2341 784 2380 esse
804 2324 927 2394 deverit,
959 2325 1024 2380 dum
1052 2324 1142 2381 adhuc
1163 2340 1192 2380 se

91 2441 94 2448 ·
131 2437 195 2476 cnm
216 2421 276 2492 ipsa
298 2422 413 2478 miscere
435 2411 557 2479 menime
578 2424 682 2505 velerit.
713 2423 793 2479 Nunc
814 2423 908 2495 itaque
931 2429 1051 2478 statuere
1072 2421 1193 2494 previdi·

131 2534 203 2588 mus,
227 2526 257 2575 ut
278 2521 352 2576 nulla
373 2521 474 2576 amodo
496 2519 712 2600 l'emlna'lacere
734 2527 895 2594 presumat,
928 2519 982 2576 nisi
1003 2519 1026 2576 si
1047 2527 1127 2592 pater
1146 2527 1193 2576 aut

130 2616 207 2672 avius
229 2617 306 2689 pueri
328 2607 391 2683 cnm
412 2604 537 2689 legelimi
567 2621 690 2691 parentis
711 2621 804 2691 puelle
834 2619 887 2675 hoc
909 2621 998 2675 lacere
1020 2618 1191 2690 previderit3

131 2731 197 2769 nam
228 2714 250 2770 si
277 2732 346 2787 puer
376 2725 577 2788 postmortem
600 2714 685 2788 patris
706 2725 752 2772 aut
773 2717 825 2773 arii
848 2716 891 2772 sni
917 2717 989 2772 intra
1010 2722 1129 2773 aetatem
1149 2733 1193 2772 re-

131 2812 282 2880 manserit,
313 2821 342 2868 et
370 2814 396 2869 oi
417 2831 446 2869 se
469 2815 677 2888 qualiscumque
700 2815 821 2885 semina,
856 2815 1005 2887 antequam
1035 2813 1095 2886 ipse
1124 2830 1193 2887 puer

131 2910 323 2965 tertiodecimo
341 2927 416 2966 anno
433 2899 571 2984 conpleat,
595 2912 725 2984 copolare
738 2911 948 2984 presumpserit,
973 2910 1094 2966 dicendo
1116 2911 1192 2982 quod

130 3006 270 3077 legitimus
291 2993 405 3064 maritus
427 3009 485 3081 ejus
505 3027 565 3065 osse
588 3011 704 3080 debeat,
728 3010 812 3066 inrita
833 3009 868 3064 sit
888 3007 948 3079 ipsa
969 3007 1148 3079 conjunctio,
1165 3012 1193 3062 et

130 3101 294 3178 separentur
314 3107 349 3162 ab
371 3107 498 3166 invicem.
542 3097 657 3164 Femina
682 3124 747 3162 vero
770 3105 829 3179 ipsa
850 3111 1003 3161 revertatur
1023 3099 1108 3160 vacua
1129 3121 1191 3160 cum

131 3185 314 3279 obproprium
330 3196 420 3274 sunm,
441 3212 468 3260 et
486 3222 543 3260 non
557 3205 658 3262 babeat
674 3211 838 3276 potestatem
859 3202 914 3260 alio
930 3185 989 3258 viro
1011 3185 1040 3258 se
1061 3202 1192 3274 copulare

132 3302 199 3357 dnm
219 3301 278 3374 ipse
292 3295 422 3374 puerolus
444 3303 478 3358 ad
498 3291 621 3358 aetatem.
632 3287 817 3375 suprascripta
833 3301 1007 3374 pervenerit:
1030 3300 1052 3356 si
1065 3299 1189 3372 quidem,

129 3402 189 3473 ipsa
211 3401 316 3472 inpleta
336 3408 447 3471 etatem,
471 3419 541 3474 puer
561 3403 619 3474 ipse
641 3401 694 3458 sibi
716 3417 776 3458 eam
798 3418 913 3457 exorem
938 3389 1042 3456 habere
1061 3399 1189 3478 voluerit,

131 3487 232 3556 habeat
251 3491 408 3565 licentiam;
432 3508 459 3555 et
479 3501 501 3555 si
526 3516 587 3556 eam
609 3499 747 3565 noluerit,
771 3501 851 3555 tollat
871 3498 923 3554 sibi
946 3501 1060 3555 alteram
1081 3498 1191 3569 qualem

130 3579 249 3653 voluerit
270 3607 316 3654 aut
337 3597 465 3669 potuerit.
488 3598 539 3654 llla
559 3607 635 3666 vero,
656 3597 681 3661 si
703 3597 738 3652 ad
759 3595 844 3652 alium
864 3595 993 3667 maritum
1012 3593 1192 3650 ambulaverit

132 3704 161 3751 et
189 3695 248 3768 ipse
274 3697 405 3768 puerulus
432 3713 494 3752 eam
522 3695 623 3751 habere
650 3687 783 3759 noluerit,
808 3711 867 3750 non
888 3693 914 3770 ei
937 3691 1024 3765 possit
1044 3707 1109 3746 vero
1137 3704 1188 3745 suo

132 3793 179 3865 qui
201 3811 262 3848 eam
283 3794 355 3848 tollit
377 3795 495 3864 pleniter
516 3794 599 3850 melio
622 3795 688 3850 dare
709 3795 780 3849 sicut
800 3793 835 3848 ad
862 3793 946 3848 aliam
972 3789 1110 3862 puellam,
1141 3785 1190 3841 sed

132 3892 323 3946 tantummodo
345 3875 539 3947 mediaetatem
560 3891 631 3947 sicut
651 3891 685 3947 ad
708 3889 818 3947 viduam
847 3883 1004 3946 mulierem.
1048 3883 1103 3953 Qui
1124 3899 1189 3938 vero

133 4007 249 4062 puerum
270 3989 361 4060 ipsum
382 3989 514 4055 suaserit,
547 3990 607 4045 sibe
629 3991 751 4061 parentis
773 3988 831 4059 ejus
852 3984 928 4052 sint,
961 3985 1021 4041 sibe
1043 3989 1190 4038 extraneos

132 4088 237 4156 homo,
266 4095 409 4158 conponat
428 4089 532 4145 solidus
554 4096 685 4158 centum,
709 4087 886 4144 medietatem
907 4084 984 4154 regi,
1014 4081 1188 4140 medietatem

133 4186 167 4242 ad
189 4185 280 4259 ipsum
301 4187 455 4260 puerulum.

463 4298 597 4372 ¹rxrn'rcn
617 4327 654 4370 uu
675 4325 749 4370 enno
770 4325 858 4372 xvnn.
