3170 5218
462 414 600 532 anieron
623 460 689 508 orn.
706 456 746 501 aas
759 473 780 484 -
799 456 846 499 rso.
1090 525 1094 535 Ι
1145 439 1189 502 ot

212 611 265 690 (Ι.)
290 615 365 672 111.
397 611 426 668 st
448 611 541 669 intans
562 617 627 668 ante
648 610 745 668 decem
766 616 794 666 et
814 616 877 667 octo
899 627 1004 681 annos,
1037 611 1116 685 quod
1138 628 1189 668 nos

130 714 302 770 instituimus
324 719 355 766 ut
375 711 410 767 sit
429 709 560 782 legetima
582 717 655 778 etas,
691 707 830 782 sponsalia
855 709 947 765 locere
970 711 1089 767 voluerit
1101 747 1127 781 ,1-
1142 716 1190 767 aut

130 813 183 869 sibi
204 812 322 869 muliero
339 809 529 882 ,copolaverib
561 809 662 866 babeat
681 813 845 880 potestatem
867 814 895 864 et
914 814 1016 864 metam
1038 809 1139 880 facere,
1162 814 1190 865 et

130 911 293 984 morgincap
315 911 396 978 dare,
416 910 496 982 juxta
516 908 608 964 Edictt
630 908 738 973 tinore,
762 915 790 964 et
808 906 1008 994 oblieationent
1030 908 1138 975 lacere,
1162 914 1190 965 et
1240 932 1243 936 ·

131 1011 294 1083 fidejussore
315 1025 432 1082 ponere,
457 1004 489 1063 et'
504 1013 589 1071 corta,
613 1007 635 1063 si
657 1006 787 1070 voluerit,
811 1023 862 1080 pro
884 995 966 1064 causa
988 1007 1039 1063 i'sta
1053 1007 1187 1073 sorberet

130 1118 158 1164 et
180 1108 229 1181 qul
246 1107 401 1180 fidjussoris
426 1106 578 1174 stederent,
602 1110 649 1160 aut
670 1103 757 1160 serira
778 1105 826 1177 qui
849 1121 900 1178 pro
921 1122 1003 1162 eausa
1019 1105 1071 1162 ista
1086 1111 1192 1170 cartam

130 1205 281 1279 scripserit,
306 1207 382 1261 nulla
403 1203 504 1260 exinde
525 1203 627 1258 babeat
646 1201 875 1260 damnationem:
898 1203 965 1276 quia
986 1220 1038 1260 nos
1058 1204 1123 1260 ideo
1143 1219 1191 1259 us-

131 1319 186 1376 qne
208 1305 243 1360 ad
263 1303 342 1360 illam*
361 1308 463 1360 etatem
483 1301 666 1374 perduximus
687 1317 798 1358 oausam
820 1302 854 1358 de
879 1302 1052 1373 insontibus,
1080 1309 1111 1358 ut
1136 1301 1189 1374 ipsi

130 1417 174 1456 res
196 1417 260 1458 snos
282 1418 339 1456 non
361 1393 672 1470 deveantsnautragare
694 1405 742 1454 atrt
762 1399 943 1473 disperdere3
974 1419 1039 1458 nam
1066 1417 1117 1474 pro
1138 1401 1190 1458 ista

130 1499 293 1580 conjunctio
315 1515 401 1571 quam
421 1499 496 1553 Deus
517 1497 654 1570 precepit,
678 1495 849 1553 absolvimus
870 1504 901 1553 nt
921 1500 977 1557 fiat.

211 1596 274 1672 (ll.)
297 1599 378 1655 118.
401 1595 562 1654 Recolimus
584 1595 659 1652 enim
681 1596 758 1668 qnod
775 1595 923 1653 statuimus
944 1613 1008 1654 oum
1026 1596 1127 1653 nostris
1145 1597 1191 1670 ju-

131 1697 257 1765 dicibus,
283 1702 320 1776 nt
345 1694 393 1767 qui
417 1693 559 1751 hominem
580 1693 701 1751 liberum
723 1693 851 1751 occiserit
873 1711 987 1752 omnem
1007 1695 1190 1752 substantiam

131 1811 210 1850 suam
231 1793 345 1851 amittat.
368 1793 454 1852 Modo
475 1809 559 1861 vero,
583 1793 651 1848 dum
672 1793 825 1865 repetirent
845 1793 960 1865 singolis
981 1794 1120 1861 homenis,
1145 1794 1190 1852 oni

131 1893 200 1948 torte
222 1891 348 1964 aliquam
367 1891 499 1951 duritiam
520 1880 710 1956 detenebant,
744 1892 821 1963 quod
842 1892 965 1964 parentis
996 1893 1055 1965 ejus
1083 1892 1132 1966 qui
1160 1892 1188 1948 in

129 1991 264 2047 lectulum
286 2006 368 2046 sunm
389 1995 515 2046 mortuos
537 1989 627 2044 fuerat
647 2003 697 2060 per
717 1983 851 2045 verrinum
880 1990 1034 2061 oooisbsit,
1066 1997 1094 2048 et
1115 1993 1190 2048 'dum

131 2105 181 2162 per
201 2103 325 2160 pugnam
356 2088 444 2160 ipsam
476 2099 608 2150 oausam,
642 2087 714 2142 sieut
741 2087 855 2159 antiqua
887 2087 978 2144 luerat
1007 2091 1188 2163 oonsuitudo,

131 2201 249 2259 querere
266 2187 455 2258 disponebat:
488 2185 578 2256 gravis
599 2200 682 2240 causa
704 2185 786 2240 nobis
806 2201 866 2241 esse
882 2188 1052 2259 Kconparuit,
1088 2197 1118 2247 nt
1138 2193 1191 2248 sub

132 2301 193 2341 nno·
210 2288 288 2340 scuto
309 2300 360 2357 per
379 2299 504 2356 pugnarn
524 2297 636 2339 omnem
655 2282 838 2338 substantiam
855 2298 935 2340 suam
948 2282 1032 2342 honio
1049 2288 1189 2350 amitterit.

130 2383 256 2456 ideoque
278 2388 398 2438 statuere
413 2378 601 2454 presidemus,
626 2388 657 2435 ut
671 2380 694 2436 si
711 2382 813 2437 amodo
833 2381 894 2437 talis
906 2399 989 2439 eausa
1007 2395 1187 2454 emerserent,

132 2481 196 2554 quis
217 2481 265 2537 ille
287 2486 406 2538 mortem
425 2479 548 2553 parentis
563 2478 605 2535 sui
621 2495 739 2551 querere
756 2496 808 2552 per
821 2493 945 2552 pugnam
959 2483 1089 2554 voluerit,
1112 2488 1190 2559 quod

132 2595 196 2635 eum
218 2595 268 2651 per
293 2579 428 2634 veninnm
455 2577 607 2646 occisissit,
641 2577 783 2636 observata
814 2591 857 2634 ea*
878 2595 932 2651 que
961 2580 990 2636 in
1021 2571 1190 2642 anteriorem

131 2677 231 2733 Edicto
253 2676 439 2748 seripsemus,
456 2681 486 2730 ut
506 2691 557 2748 per
576 2675 718 2745 evangelia
736 2676 838 2732 afirmit
858 2678 935 2749 quod
951 2695 1008 2734 non
1023 2687 1082 2738 asto
1097 2682 1190 2739 animo

131 2790 243 2832 oausam
264 2775 352 2848 ipsam
373 2780 488 2846 querat,
520 2760 573 2830 nisi
600 2774 678 2846 quod
711 2780 786 2830 certa
807 2773 832 2830 ei
860 2775 896 2830 sit
915 2778 1076 2849 suspectio,
1112 2787 1192 2853 pote-

132 2881 228 2930 statem
245 2874 346 2930 habeat
355 2888 477 2944 querere
498 2888 548 2943 per
563 2883 708 2944 pugnam,
721 2873 793 2928 sicut
809 2872 927 2946 antiqua
941 2873 994 2931 luit
1008 2878 1188 2936 oonsuitudo.

132 2972 210 3028 Etsi
234 2972 259 3028 ei
281 2971 360 3028 lerita
381 2970 490 3026 ren'erit
510 2971 555 3027 cni
571 2971 677 3027 orimen
698 2970 791 3043 ipsum
807 2962 975 3042 inmettltur,
998 2982 1046 3031 aut
1067 2977 1102 3032 ad
1118 2993 1192 3033 oam-

133 3070 267 3142 phionem
287 3069 375 3142 ipsius
395 3085 483 3142 quem
513 3068 684 3125 conductum
711 3068 827 3137 babuit,
857 3086 914 3125 non
945 3069 1052 3128 amittat
1078 3089 1191 3131 omnem

131 3168 316 3224 substantiam
336 3172 426 3235 suam,
450 3166 498 3221 sed
519 3171 661 3238 conponat
681 3183 747 3222 eum
768 3166 923 3223 seeundum
945 3169 1107 3240 qualitatem
1129 3186 1192 3243 per-

132 3283 236 3337 sonae,
261 3267 440 3324 sirutantea
462 3263 514 3319 luit
534 3265 830 3336 lexvconponendum.
874 3264 948 3333 Quia
975 3266 1073 3324 incerti
1095 3283 1191 3325 sumus

81 3443 82 3446 Ἴ
132 3366 167 3421 de
182 3363 385 3446 judicioltei‚
416 3372 444 3420 et
471 3364 573 3420 multos
599 3363 756 3422 audivimus
778 3380 828 3436 per
852 3378 976 3436 pugnant
1006 3366 1066 3423 sine
1084 3366 1191 3440 justitia

132 3479 244 3520 oausam
265 3479 342 3518 suam
363 3464 499 3536 perdere;
529 3461 578 3518 sed
599 3467 715 3535 propter
735 3461 956 3520 oonsuitutinem
977 3465 1067 3535 gentis
1096 3472 1191 3522 nostre

131 3562 383 3633 Langobardorum
404 3562 494 3631 legem
516 3560 605 3632 ipsam
626 3566 719 3635 vetare
740 3574 796 3615 non
819 3575 978 3634 possumus.

214 3657 294 3734 (ΙΙΙ.)
322 3661 404 3716 119.
432 3658 547 3731 Siquis
568 3657 653 3714 filiam
675 3673 754 3726 suam
775 3665 824 3715 aut
843 3677 969 3716 sororem
990 3675 1124 3732 sponsare
1145 3675 1192 3717 ro·

132 3757 233 3828 luerit,
264 3759 364 3814 lrabeat
385 3763 550 3832 potestatem
571 3756 617 3812 cui
637 3757 774 3822 voluerit,
809 3757 899 3816 libero
920 3764 1014 3816 tamen
1034 3757 1188 3824 hominem,

132 3855 205 3912 sicut
225 3857 349 3913 anterior
370 3855 495 3912 contenit
516 3853 650 3919 Edictus3
671 3857 748 3913 ‘nam
776 3864 890 3929 postens
919 3873 980 3913 earn
1006 3855 1189 3930 sponsaverit,

134 3971 191 4010 non
222 3955 323 4010 habeat
348 3960 513 4026 potestatem
541 3953 620 4009 alteri
646 3953 759 4010 homeni
791 3971 853 4010 eam
883 3955 918 4010 ad
948 3955 1078 4012 maritum
1105 3954 1190 4014 dandi

133 4061 198 4110 ante
218 4053 315 4112 bienni
338 4059 464 4125 tempus:
492 4060 519 4109 et
545 4051 567 4109 si
589 4052 654 4108 dare
676 4052 788 4110 ouilevit
808 4052 1028 4125 presumpserit,
1057 4061 1105 4111 aut
1131 4054 1191 4128 ipsa
1239 4078 1241 4082 ⁴

133 4155 275 4228 sponsalia
295 4154 457 4226 inrumpere
479 4151 607 4222 voluerit,
631 4159 775 4225 conponat
794 4167 898 4224 sponso
919 4150 1007 4224 ipsius
1028 4151 1100 4209 siout
1119 4151 1193 4209 inter

133 4269 163 4309 se
184 4270 275 4326 poena
296 4257 465 4326 posuerunt,
498 4250 618 4325 qualiter
645 4249 673 4305 in
695 4249 864 4308 anteriorem
884 4249 985 4306 Edicto
1013 4249 1117 4321 legitur
1143 4239 1192 4323 pa:

133 4350 217 4421 gina3
239 4352 355 4424 insuper
375 4349 406 4405 in
420 4349 553 4422 palatium
574 4348 648 4420 regis
664 4355 807 4421 conponat
822 4347 961 4420 widrigild
978 4364 1072 4420 sunm,
1095 4354 1124 4405 et
1142 4347 1191 4404 ille

133 4445 186 4519 qui
206 4463 267 4505 eam
288 4431 379 4506 tolleri
400 4447 601 4521 presumpserit
619 4452 761 4520 conponat
781 4445 910 4504 similiter
929 4445 959 4502 in
975 4447 1078 4519 palatio
1099 4443 1193 4504 widri-

962 4540 983 4600 Ἰ
