3172 5228
335 589 346 597 ,
399 525 441 597 60
547 577 549 582 -
774 551 959 598 ururrmrnr
983 549 1073 597 rucis

396 737 398 744 ,
478 700 514 777 (l.
538 702 579 760 lle
597 705 784 762 mcceuicuem
804 699 947 777 tilianam.)
989 705 1022 760 1.
1045 701 1075 758 Si
1097 701 1159 775 quis
1175 699 1376 773 Langobardos
1393 700 1455 758 siue

397 801 461 859 filiis
483 801 641 858 masculinis
663 801 800 873 legetimis
821 807 945 857 mortuos
967 799 1069 870 luerit,
1103 806 1131 856 et
1160 799 1231 857 filies
1259 798 1452 871 dereliquerit,

367 905 369 921 '
397 899 457 971 ipse
478 899 503 955 ei
525 900 554 955 in
575 915 687 955 omnem
712 899 895 956 hereditatem
922 898 1011 974 patris¹
1035 899 1078 954 rel
1106 897 1287 974 matrissuae
1312 903 1455 970 tamquam

396 996 446 1052 biii
468 997 591 1068 legetimi
612 997 758 1054 masculini
780 996 889 1053 heredis
911 996 1070 1054 succedant.

475 1127 536 1205 (Π.)
559 1133 603 1189 2'
630 1129 743 1204 Siquis
766 1129 965 1202 bairgubardus
993 1147 1022 1186 sa
1048 1124 1155 1187 virente
1178 1129 1248 1212 filias
1275 1145 1337 1187 suas
1367 1138 1454 1210 nupto

397 1229 558 1298 tradederit,
573 1236 601 1285 et
611 1229 678 1286 alius
688 1229 717 1285 iu
726 1229 827 1301 capillo
836 1228 865 1284 in
877 1244 938 1284 casa
948 1228 1102 1301 reliquerit,
1116 1235 1183 1285 tunc
1193 1245 1290 1285 omues
1303 1228 1457 1302 aequaliter

395 1327 424 1384 in
437 1328 494 1402 ejus
506 1327 658 1384 substantia
670 1327 779 1384 heredis
789 1327 939 1384 succedere
950 1326 1071 1386 debeant
1083 1333 1226 1399 tamquam
1238 1326 1287 1384 lilii
1298 1327 1453 1386 masculini.

475 1459 555 1534 (Ill.)
577 1463 614 1518 8.
646 1460 675 1517 si
698 1460 760 1532 quis
781 1459 981 1531 Langobardua
1002 1459 1106 1517 sororis
1122 1459 1279 1534 reliquerit,
1301 1467 1328 1516 et
1346 1460 1454 1516 vivente

398 1576 461 1616 eum
483 1561 518 1616 ad
539 1559 638 1616 marito
659 1559 862 1628 ambulaberit,
893 1566 1001 1617 tantum
1022 1561 1123 1617 babeat
1143 1577 1177 1616 ex
1200 1559 1291 1650 lqatris
1312 1558 1452 1624 incultate,

395 1659 417 1715 si
439 1658 499 1730 ipse
526 1657 598 1715 illias
625 1657 798 1732 riliquerit,¹
816 1665 952 1731 quantum
981 1659 1010 1716 in
1042 1659 1104 1716 diae
1131 1665 1259 1716 votorum
1287 1663 1456 1735 acceperunt

394 1755 507 1829 quaudo
538 1757 572 1813 ad
600 1756 730 1814 maritum
761 1757 983 1814 ambulaverunt.
1026 1757 1096 1814 Nam
1123 1757 1146 1814 si
1174 1757 1233 1830 ipse
1255 1755 1339 1812 irater
1361 1771 1453 1826 neque

395 1854 469 1910 filius
490 1871 582 1926 neque
603 1854 674 1911 filias
695 1853 851 1927 reliquerit,
873 1860 920 1909 aut
940 1854 962 1910 si
984 1853 1113 1910 hebuerit
1132 1861 1160 1910 et
1180 1859 1245 1910 ante
1266 1868 1330 1910 eum
1351 1851 1454 1908 mortui

395 1958 442 2009 aut
462 1960 587 2009 mortuae
605 1952 715 2009 luerent
730 1952 835 2024 absque
854 1951 929 2021 tiliis,
953 1951 1073 2021 filiabus,
1097 1958 1163 2008 tunc
1179 1967 1290 2026 sorores
1306 1950 1376 2022 ejus,
1398 1957 1453 2014 tam

395 2048 444 2123 qui
466 2049 494 2107 in
516 2049 617 2122 capillo
639 2056 832 2106 remanserunt
852 2066 936 2122 quam
957 2067 1012 2122 que
1033 2049 1069 2106 ad
1084 2050 1213 2114 maritum
1225 2049 1449 2130 ambulaverunt,

306 2167 311 2177 ·
397 2148 429 2204 iu
450 2163 563 2204 omnem
585 2149 766 2206 substantiam
787 2149 845 2220 ejus
867 2148 892 2205 ei
914 2147 1024 2204 heredis
1044 2147 1182 2220 equaliter
1202 2146 1361 2214 succedant.

467 2279 572 2353 tim.)
592 2283 629 2340 4.
652 2280 681 2336 Si
698 2280 760 2353 quis
775 2281 975 2352 Langobardus
993 2297 1104 2337 sorores
1124 2287 1153 2340 et
1172 2280 1243 2337 illias
1263 2279 1293 2336 in
1310 2279 1410 2351 capillo
1425 2279 1453 2334 in

395 2393 457 2436 casa
477 2378 632 2451 reliquerlt,
656 2378 759 2451 pariter
779 2385 861 2451 atque
883 2378 1037 2452 aequaliter
1054 2384 1278 2452 quantecumque
1294 2378 1404 2434 luerent
1423 2376 1453 2433 in
1565 2379 1566 2386 ’

394 2476 575 2533 hereditatem
596 2476 656 2548 eius
676 2477 702 2532 ei
731 2475 882 2533 succedere
903 2477 1045 2542 debeant,
1079 2483 1221 2549 tamquam
1249 2476 1310 2533 titii·
1329 2473 1451 2548 legetimi
1565 2481 1566 2508 ³

395 2573 589 2647 dereliquissit.

475 2695 535 2772 (t'.)
556 2697 594 2756 ὅ.
623 2696 653 2754 Si
676 2697 749 2755 filiae
770 2705 817 2753 aut
845 2713 955 2755 sorores
981 2706 1078 2755 contra
1103 2679 1283 2756 volontatem(
1301 2698 1387 2772 patris
1408 2703 1453 2754 aut

304 2837 308 2850 .
395 2793 485 2851 fratris
506 2795 604 2866 egerit,
628 2802 791 2868 potestatem
808 2795 907 2852 babeat
924 2803 1003 2868 pater
1022 2803 1070 2853 aut
1090 2796 1175 2853 irater
1189 2797 1333 2870 judicandi
1355 2795 1391 2853 de
1411 2813 1452 2852 re·

394 2894 446 2950 bus
467 2894 524 2951 suis
544 2894 687 2967 quomodo
709 2901 756 2951 aut
775 2895 895 2967 qualiter
916 2895 1041 2979 uoluerit.

474 3025 545 3102 (Vr.)
568 3029 606 3088 u.
629 3027 659 3085 Si
681 3027 814 3101 quislibet
834 3027 1054 3100 Langobardos,
1083 3033 1112 3084 ut
1133 3028 1210 3086 habit
1231 3043 1310 3084 casus
1330 3029 1452 3086 humane
1564 3021 1565 3082 3

394 3125 560 3196 tragilitatis,
582 3126 758 3198 egrotererit,
782 3140 951 3199 quamquam
972 3126 1001 3182 in
1017 3127 1119 3183 lectolo
1136 3127 1266 3200 rejacent,
1288 3132 1453 3199 potestatem

394 3223 496 3281 habeat
515 3223 582 3280 dum
604 3223 669 3280 vivit
689 3230 716 3280 et
735 3230 814 3280 recte
833 3224 909 3298 loqui
931 3231 1022 3297 potest
1043 3240 1094 3297 pro
1121 3225 1215 3282 anima
1239 3241 1288 3281 sue
1306 3224 1452 3298 judicandi
1499 3237 1501 3242 '

394 3321 436 3377 vel
459 3320 639 3393 dispensandi
662 3321 696 3376 de
717 3322 800 3377 rebus
822 3321 877 3378 suis
899 3321 966 3394 quid
988 3329 1035 3378 aut
1055 3323 1174 3395 qualiter
1194 3322 1237 3380 cui
1259 3322 1398 3394 uoluerit,
1427 3330 1454 3380 et

395 3418 471 3490 quod
489 3417 654 3490 judicaverit
673 3419 801 3476 stabilem
822 3420 923 3476 debeat
944 3435 1119 3493 permanere.

475 3565 507 3624 Si
527 3585 596 3639 quoe
616 3585 695 3627 cauae
715 3573 747 3626 de
767 3567 956 3643 suprascriptis
977 3573 1120 3643 capitulis,
1145 3587 1213 3641 quoe
1235 3573 1321 3642 uupel
1341 3573 1373 3626 t'u
1391 3587 1452 3643 pre·

395 3667 463 3721 senti
483 3669 586 3738 paulun
601 3667 693 3724 Edicto·
713 3671 979 3741 udttqiprect'pimue,
1004 3677 1085 3725 autea
1106 3670 1249 3724 deliberate
1269 3676 1317 3725 aut
1336 3686 1386 3740 per
1406 3671 1452 3724 de-

394 3766 524 3820 cisionem
543 3766 644 3834 sanitae
663 3774 736 3834 suut,
759 3769 840 3852 iu'eo
859 3769 939 3823 modo
953 3775 1082 3823 moueant
1101 3769 1169 3823 sicut
1185 3775 1267 3823 anteo
1286 3775 1349 3825 suut
1360 3770 1453 3838 ababuc

393 3863 435 3919 uel
457 3869 587 3927 statutue;
620 3879 688 3934 quae
709 3871 798 3920 autem
819 3866 961 3920 terminate
988 3874 1012 3921 et
1029 3882 1080 3936 per
1100 3867 1260 3921 diuisionem
1285 3868 1372 3922 decise
1398 3883 1453 3922 uou

393 3969 464 4029 suut,
487 3963 517 4016 iu
538 3979 568 4016 eu
581 3964 677 4018 ordine
692 3963 872 4018 deliberentur
892 3970 915 4018 et
929 3971 1066 4032 moueant,
1090 3965 1157 4020 sieut
1176 3965 1256 4019 modo
1275 3967 1449 4029 decrevimus,

393 4065 418 4116 et
437 4051 468 4114 iu
488 4060 536 4115 lioc
556 4059 685 4116 Edictum
702 4077 720 4116 u
740 4061 817 4115 uobis
845 4060 918 4128 [ueto
939 4069 1054 4117 statuere
1079 4063 1133 4117 uisi
1153 4077 1250 4120 eumue.
1294 4059 1354 4129 Quo
1375 4063 1452 4118 deui-

394 4173 445 4230 que
464 4160 591 4215 uuicereu
610 4161 732 4230 ruperim
752 4177 770 4215 u
792 4157 953 4216 dulcitudine
972 4168 1066 4216 uestro
1086 4162 1212 4218 instituta
1227 4161 1325 4218 Putout'
1344 4161 1453 4217 uoturiu

394 4258 467 4313 eucrt'
486 4259 573 4312 nostri
589 4259 689 4328 palatii
709 4259 950 4329 conprehendenda
970 4265 995 4314 et
1015 4260 1173 4316 ordiuuudu
1190 4261 1364 4332 precipimus.

725 4415 855 4456 uxuutctr
876 4418 912 4458 ult
934 4416 1007 4460 tutto
1029 4417 1125 4462 tutuo.
1221 4431 1223 4436 ·
