3198 5222
1133 510 1198 574 133

142 675 228 736 duem
243 673 352 734 ltaliaet
375 672 456 730 tertia
472 678 564 730 autam
578 674 665 732 laetus
683 680 725 731 est
740 674 871 735 dominus
888 675 994 734 ltaliae.
1016 677 1088 734 llam
1103 678 1197 736 Narsie

142 772 290 845 proconsul
311 769 406 828 ltaliae
427 770 449 826 si
472 769 583 846 quinte)
603 789 700 830 eorum
724 773 890 846 promiserat
906 774 1069 848 relinquens
1089 775 1198 834 ltaliam

143 870 177 926 ad
199 867 408 944 Spaniammffl)
431 870 602 943 provinciam
623 879 665 928 est
685 888 820 931 reversus.
859 873 939 930 Tunc
959 873 1061 947 Papiae
1083 873 1197 948 cireen)

142 973 169 1024 et
181 966 373 1026 Mediolanum
394 969 572 1042 metropolim
593 988 656 1028 rum
676 971 801 1045 reliquae
810 970 880 1031 aliae
901 971 1024 1030 ciuitates
1041 973 1195 1043 ltaliorum,

143 1064 268 1122 ridentes
289 1081 319 1122 se
340 1083 461 1136 vacuae,
489 1067 560 1124 sicut
581 1085 596 1124 a
617 1069 739 1126 Domino
761 1069 850 1126 iuerat
871 1069 1106 1141 praedestinatum
1127 1072 1198 1128 eolla

147 1177 190 1220 sua
210 1163 263 1236 ipsi
285 1165 390 1222 Albuin
411 1166 471 1237 regi
491 1165 674 1226 subicierunt.
717 1167 754 1224 Et
782 1184 845 1224 oum
866 1173 1010 1239 regnasset
1031 1167 1138 1226 Albuio
1167 1168 1196 1225 in

148 1258 221 1319 ltalia
242 1279 331 1322 anuos
352 1271 407 1320 tres
428 1270 457 1320 et
477 1281 587 1321 meuses
608 1280 667 1331 sex,
690 1266 765 1322 malo
786 1265 856 1323 inito
878 1273 974 1324 contra
995 1281 1058 1322 eum
1078 1265 1197 1322 oonsilio
1218 1249 1220 1256 ¹

148 1371 192 1429 per
220 1361 418 1440 Rosemoniam
448 1380 585 1433 uxorem,
618 1369 645 1420 et
671 1355 788 1421 oonsilio
811 1363 927 1421 Peredei
955 1362 1119 1421 cubicularii
1134 1363 1194 1436 sui,

150 1471 165 1510 a
185 1457 384 1534 delmeebis¹⁸)
405 1462 526 1534 snaurio
547 1478 598 1519 auo
620 1463 726 1541 neeisus
748 1468 790 1518 est
809 1461 839 1518 iu
860 1461 973 1517 Verona
993 1461 1112 1518 civitate.
1137 1467 1139 1476 “

156 1605 159 1612 r
220 1555 297 1618 Vlll.
316 1559 353 1616 llt
373 1559 483 1616 volebat
497 1560 660 1618 flelmeebis
679 1574 809 1630 regnare,
832 1564 860 1615 et
881 1575 938 1616 nou
960 1557 1060 1631 potuit,
1084 1563 1198 1630 propter

147 1655 248 1712 metum
266 1657 515 1728 Langobardorum
537 1665 564 1714 et
584 1674 684 1716 necem
698 1657 826 1714 Albuini.
851 1657 931 1714 Tune
951 1655 1092 1713 mandavit
1111 1655 1199 1712 nose-

147 1749 237 1810 monia
250 1753 415 1812 testinanter
432 1756 560 1827 Longino
579 1755 719 1829 praelecto
741 1755 823 1812 militi
843 1751 1073 1823 llavenneosiw)
1090 1758 1121 1809 ut
1134 1768 1198 1810 eam

148 1847 177 1904 iu
200 1847 287 1920 lugam
317 1853 470 1926 susciperet
490 1853 524 1910 ad
545 1855 716 1912 Ravennam.
746 1854 783 1911 Ut
807 1859 899 1910 autem
929 1851 1034 1908 audivit
1053 1850 1198 1922 Longinus

147 1945 218 2002 bueo
237 1951 331 2019 verbo,
354 1951 430 2007 misit
451 1967 562 2008 movere
583 1951 730 2023 angarias,
759 1957 789 2008 et
809 1951 932 2006 tulerunt
951 1947 1149 2007 Rosemoniam
1170 1954 1199 2004 et

147 2045 315 2106 distendam
342 2049 428 2106 liliam
448 2049 566 2107 Albuini
587 2049 678 2121 regis,
711 2055 740 2108 et
767 2064 879 2106 omnem
907 2047 1067 2104 thesaurum
1088 2047 1198 2118 Langon

147 2141 293 2202 bardorum
321 2163 415 2204 seeum
445 2148 584 2204 duxeruut
612 2155 642 2204 et
668 2146 849 2211 llelmeebisa
877 2147 952 2204 uude
983 2147 1080 2218 pluros
1107 2161 1199 2202 annos

146 2239 246 2299 scisma
267 2249 293 2298 et
308 2245 381 2302 bella
402 2245 474 2303 inter
494 2246 693 2318 Langobardos
714 2251 744 2302 et
761 2245 903 2307 Romanos
924 2242 1045 2301 luerunt
1067 2243 1147 2299 Tune
1168 2249 1198 2298 ut

147 2353 198 2410 per
218 2337 425 2417 toamneomw)
446 2342 566 2416 primunr
587 2343 732 2400 exordium
753 2341 853 2400 aeeidit
875 2342 947 2400 mala
968 2340 1062 2399 suasio
1078 2340 1200 2414 peceati‚=

147 2434 214 2498 inde
235 2441 372 2509 usquead
397 2449 555 2514 presentem
577 2441 652 2498 diem
673 2439 810 2498 seminudis
832 2446 909 2498 tenet
939 2438 1113 2496 consuetudo
1133 2455 1198 2514 pee-

148 2533 239 2593 candi.
272 2534 360 2595 Suasit
379 2539 439 2612 ipsa
460 2539 629 2598 Rosemonia
651 2537 780 2609 Longino
801 2537 884 2594 militi
905 2537 976 2594 sicut
995 2536 1072 2608 prius
1093 2553 1110 2593 a
1130 2536 1199 2595 Hel·

146 2631 307 2707 moobis‚²¹)
327 2643 353 2692 ot
368 2645 395 2692 et
411 2637 471 2710 ipsa
489 2637 629 2700 occideret
642 2635 813 2706 llelmechis,
837 2642 864 2692 et
873 2634 1003 2704 Longino
1025 2639 1098 2690 esset
1118 2649 1198 2692 uxor.

147 2730 220 2786 lnito
240 2730 293 2788 isto
322 2735 436 2791 oonsilio
458 2732 640 2808 venenumffl)
661 2734 846 2802 Rosemonia‚
872 2739 899 2788 et
919 2730 997 2788 dedit
1017 2729 1196 2798 Helmeehis3

146 2837 433 2902 commemorasset,
467 2832 604 2889 intellexit
625 2831 700 2904 quod
720 2831 876 2902 malignum
896 2829 1024 2887 biberat:
1056 2829 1197 2901 praecepit

146 2933 177 2984 ut
196 2934 224 2983 et
251 2927 310 2999 ipsa
330 2929 495 2988 llosemouia
525 2947 588 2988 oum
616 2946 650 2985 eo
676 2928 786 2986 biberet
814 2927 914 2996 invita3
943 2931 972 2982 et
1001 2924 1104 2982 mortui
1133 2932 1199 2982 suat

146 3024 237 3083 ambo.
270 3025 350 3082 Tune
368 3028 514 3098 Longinus¹
528 3027 682 3101 praelectus
714 3026 777 3084 tulit
798 3041 896 3082 omnes
924 3023 1067 3080 thesauros
1088 3023 1198 3094 Lango-

145 3121 317 3187 bardorum,
350 3132 378 3178 et
394 3126 584 3182 Albsuendam
605 3125 691 3182 filiam
712 3123 819 3180 Albuin
845 3122 919 3193 regis
940 3120 1022 3194 jussit
1042 3136 1147 3193 ponere
1167 3120 1197 3178 in

145 3236 241 3288 nares,
264 3226 290 3276 et
311 3223 459 3280 transmisit
479 3241 540 3280 eam
554 3222 827 3295 Constantinopolim
847 3221 882 3277 ad
893 3219 1090 3292 imperatorem
1107 3235 1196 3278 suum.

222 3317 310 3376 vlltl.
331 3320 374 3377 llo
394 3328 517 3395 tempore
534 3324 692 3379 levaverunt
707 3319 883 3391 Langobardi
899 3317 952 3375 sibi
968 3333 1064 3389 regem
1080 3317 1195 3374 nomine

144 3415 253 3486 Caras,
287 3416 585 3488 degeneraturam,
619 3425 647 3474 et
672 3417 799 3489 regnavit
828 3432 917 3474 annos
947 3416 1018 3472 duos
1039 3421 1068 3472 et
1087 3431 1199 3472 menses

143 3529 204 3583 tex,
227 3519 256 3569 et
277 3521 403 3572 mortuus
418 3524 467 3576 est
489 3519 525 3574 Et
537 3517 731 3590 judicaverunt
746 3515 856 3588 judiees
869 3509 1118 3584 Langobardorum
1138 3512 1199 3574 sine

143 3628 210 3683 rege
229 3611 337 3669 ltaliam
357 3631 444 3671 annos
463 3633 512 3676 ru.
541 3614 606 3671 Post
627 3615 694 3672 haec
714 3615 875 3671 levaverunt
894 3611 948 3669 sibi
967 3627 1062 3682 regem
1083 3610 1199 3668 nomine

144 3709 378 3785 dormitarent
408 3713 493 3770 filium
516 3712 660 3771 Clelionis.
705 3713 742 3770 Et
762 3711 869 3784 accepit
888 3705 1056 3786 Autaren⁹⁴l
1083 3725 1200 3766 uxorem

144 3807 261 3865 nomine
283 3809 505 3880 leodelendam‚
528 3811 615 3868 liliam
636 3809 780 3869 Garibaldi
800 3816 827 3866 et
850 3807 1052 3872 Walderadaea
1076 3813 1104 3863 et
1124 3805 1200 3863 venit
1271 3839 1273 3844 ,

144 3921 210 3966 cum
229 3905 409 3970 Tendelenda
431 3908 512 3968 irater
532 3909 591 3982 ejus
613 3909 728 3966 nomine
752 3906 920 3975 Guodwald,
944 3903 1120 3972 etordinavit
1134 3920 1199 3962 eum

143 4003 263 4061 Autbari
292 4021 341 4061 rex
370 4005 470 4063 du‘eem
488 4007 517 4063 in
551 4006 689 4064 civitatem
709 4004 851 4063 Austinse.
894 4005 930 4060 Et
958 4002 1084 4075 regnavit
1115 4001 1198 4058 annis

144 4107 269 4174 septem,
293 4109 322 4159 et
341 4109 466 4161 mortuus
485 4111 535 4163 est

224 4198 262 4260 X.
284 4200 321 4257 Et
347 4200 422 4258 venit
448 4203 601 4260 Aaronem
628 4200 686 4257 dux
713 4199 923 4272 Thuringorum
950 4198 987 4256 de
1007 4195 1142 4263 Taurini,
1172 4205 1199 4254 et

142 4297 238 4369 junxit
257 4314 286 4356 se
301 4298 489 4362 Tendelindae
510 4299 634 4371 reginae,
657 4304 684 4354 et
705 4297 792 4355 laetus
813 4304 856 4354 est
871 4313 921 4354 rex
936 4296 1196 4368 Langobardorum.

144 4395 182 4454 Et
203 4393 304 4452 occidit
331 4403 386 4452 tres
412 4396 497 4453 duces
521 4393 681 4469 rebelles²⁵l
701 4411 783 4466 suos,
813 4391 991 4468 Langrnttttt
1018 4393 1053 4450 de
1073 4393 1196 4463 Verona,

145 4490 275 4554 trimetro
288 4493 323 4551 de
338 4496 435 4554 ,insula
454 4494 547 4552 Sancti
567 4494 635 4565 Juli,
658 4500 687 4557 st
705 4493 837 4554 Gaidullo
859 4493 893 4550 de
911 4493 1058 4565 bergamo,
1081 4497 1110 4548 et
1129 4489 1198 4554 alios
