3172 5228
482 564 619 610 screnum
642 565 707 612 cas.
722 559 863 604 asu-ars.
1159 545 1198 608 dl

116 731 119 736 ·
148 711 303 770 vindictam
319 712 427 770 dederit
447 730 498 787 pra
518 713 579 786 ipsa
599 713 706 786 culpas
730 719 778 770 aut
797 729 827 770 se
849 713 962 770 edaaiet
981 721 1012 772 ut
1032 729 1131 787 supra,
1154 719 1202 772 aut
1307 741 1311 753 ·
1339 706 1344 717 ¹

147 809 183 866 sit
202 811 351 884 culparetis
372 812 505 868 ecclesiae
526 811 612 884 ipsius
628 811 732 867 solidus
752 828 805 876 ιω
826 811 864 868 ita
886 818 914 867 ut
929 827 978 884 per
993 798 1202 883 actoremreg'is
1292 846 1299 857 ·

143 896 312 979 'crepantum
337 916 365 966 et
384 910 412 967 in
431 927 542 986 saprum
558 909 686 966 altarium
702 909 749 966 ubi
766 909 897 982 iujuriam
909 910 978 966 iacta
995 917 1036 968 est
1052 893 1201 984 ponantur.

165 1043 170 1050 -
227 1009 308 1064 ΗΒ.
351 1007 381 1066 sl
402 1023 495 1064 seruus
522 1007 594 1066 iutra
615 1007 757 1081 pruvincia
779 1006 807 1063 in
826 1008 892 1078 tuga
907 1015 1042 1078 «vagatur,
1065 1018 1093 1066 et
1111 991 1204 1088 demi-

148 1121 199 1162 nus
220 1121 283 1162 eum
307 1105 461 1176 invenerit,
486 1111 514 1164 et
533 1122 625 1162 servus
645 1105 835 1178 ipselugiens
856 1104 885 1161 iu
906 1113 1012 1166 curtem
1033 1105 1152 1164 alienam
1167 1113 1202 1164 ,st

147 1202 276 1260 daminus
297 1203 355 1276 ejus
375 1202 525 1276 insequens
545 1221 626 1273 eum,
649 1203 832 1276 adprehinsus
855 1203 952 1269 tuerit,
980 1220 1036 1266 nnn
1060 1211 1202 1276 reputetur

146 1303 255 1375 culpam
276 1303 391 1359 domini·
405 1320 454 1377 pro
476 1318 509 1360 eo
530 1305 606 1377 quod
627 1304 660 1360 iu
678 1309 784 1360 curtem
805 1303 928 1372 alterius,
952 1303 1073 1358 sororem
1093 1301 1123 1358 in
1145 1318 1202 1358 ser·

146 1417 210 1458 vum
230 1417 310 1460 suum
330 1401 446 1470 habens,
470 1418 529 1458 rem
550 1417 627 1480 suam
648 1401 857 1474 adprehendere
879 1400 952 1456 visus
973 1407 1022 1457 est
1054 1400 1090 1456 Et
1110 1399 1132 1458 si
1154 1399 1201 1456 ille

147 1497 224 1570 cujus
244 1497 329 1555 curtis
350 1498 431 1556 suerit
451 1506 498 1555 aut
518 1499 618 1572 aliquis
639 1517 672 1554 ex
694 1497 854 1554 hominibus
875 1498 950 1556 illius
968 1497 1140 1570 mancipium
1161 1498 1202 1571 ip-

146 1612 207 1654 sum
228 1597 262 1652 de
283 1612 396 1653 manum
417 1596 510 1652 tulerit
527 1603 583 1652 aaut
603 1596 790 1666 antesteterit,
817 1596 926 1656 -nullum
948 1596 1058 1668 penitus
1078 1596 1202 1668 quisse,

146 1709 210 1750 vum
229 1692 354 1766 sequitur
374 1693 403 1750 in
426 1701 531 1750 curtem
551 1693 639 1766 ipsam
660 1693 820 1750 scandalum
841 1693 939 1757 taclat3
962 1692 984 1750 si
1006 1695 1113 1764 lecerit,-
1135 1711 1203 1766 qua·
1224 1735 1226 1738 -

146 1789 210 1846 liter
223 1791 259 1846 in
280 1791 333 1848 hoc
353 1791 482 1852 Edictum
502 1791 602 1862 legitur
616 1798 765 1864 conponat.
788 1791 824 1847 Et
844 1790 893 1864 qui
912 1790 1204 1849 servumantestetcrit

146 1895 193 1946 ant
213 1888 248 1944 da
268 1904 383 1946 manum
403 1889 514 1954 toleritp
543 1889 572 1944 in
594 1889 681 1961 ipsius
701 1888 736 1944 sit
757 1888 928 1961 periculuma
959 1906 1024 1947 nam
1053 1889 1076 1945 si
1107 1906 1205 1946 casum
1292 1881 1299 1895 ‘

145 1982 293 2044 facientem
307 1987 462 2057 contegerit
477 1985 646 2064 mancipium
658 1985 748 2059 ipsum
759 1985 830 2043 mori
843 1993 891 2042 aut
907 1987 973 2045 alibi
986 1995 1199 2056 transmearem,

144 2085 204 2158 ipse
225 2083 273 2158 qui
295 2101 358 2141 eum
379 2085 414 2142 de
434 2101 518 2142 manu
538 2084 647 2160 domini
668 2083 709 2140 sui
732 2084 824 2140 tulerit
843 2085 987 2148 restituatr
1003 2091 1044 2142 et
1064 2084 1202 2142 si==inven-

145 2190 188 2239 tus
210 2181 302 2251 luerit,
325 2187 355 2238 ut
368 2181 500 2242 reddatur
512 2197 570 2237 non
590 2191 704 2252 cogatur
721 2180 851 2240 dominus
869 2189 931 2258 pust
945 2183 993 2239 tali
1012 2181 1201 2253 fatigationem

144 2293 209 2337 aum
228 2280 258 2336 in
279 2279 367 2350 gratia
387 2278 521 2353 recipcre,
545 2279 639 2337 nisisi
660 2279 798 2337 voluerit
882 2321 883 2326 η
912 2303 914 2308 ’

228 2379 312 2448 m.
353 2377 386 2433 Si
407 2376 469 2450 quis
490 2376 660 2450 mancipium
681 2376 807 2447 fugacem
827 2377 856 2433 in
872 2386 934 2434 casa
951 2393 1009 2446 sua,
1033 2377 1204 2434 nescientem

145 2473 274 2545 dominu,
295 2487 378 2547 super
399 2486 498 2532 nucem
521 2475 770 2544 nectes-habuerit,
795 2481 823 2532 et
837 2475 992 2545 contugerit
1011 2473 1104 2548 ipsum
1123 2491 1203 2536 mau-

145 2572 250 2646 cipium
271 2572 385 2646 aliquod
405 2575 509 2630 malum
530 2571 694 2647 penetrare,
722 2579 775 2630 aut
795 2573 891 2643 muri,·
915 2579 962 2630 aut
982 2574 1143 2654 aberrare„
1157 2573 1206 2632 illc

145 2670 194 2744 qui
216 2687 279 2728 eum
301 2671 422 2744 suscepit
442 2677 470 2728 et
490 2671 597 2739 celavit,
620 2679 666 2728 aut
685 2671 819 2728 mendane
840 2669 974 2742 neglexit,
997 2671 1095 2752 reddat
1115 2670 1207 2744 ipsum

144 2759 315 2842 mancipium
336 2775 383 2825 aut
403 2769 522 2842 pretium
542 2770 622 2841 ejus,
644 2775 672 2824 et
688 2769 820 2826 damnum
841 2769 918 2842 quod
940 2769 1117 2842 leceritipse
1136 2785 1207 2825 can-

145 2873 232 2941 punat
251 2868 299 2940 qui
322 2883 385 2924 eum
406 2873 468 2938 post
482 2851 517 2922 'se
538 2867 642 2934 hebuit.

225 2965 309 3022 225.
351 2964 383 3021 Si
403 2962 576 3036 mancipium
595 2961 717 3020 alienum
738 2952 876 3034 retugium
891 2971 961 3036 post
990 2962 1076 3023 alium
1096 2963 1204 3030 lecerit3

144 3051 176 3119 id
196 3069 238 3120 est
253 3061 391 3132 -insraida,
413 3075 479 3118 mcx
499 3061 606 3118 mandit
630 3062 745 3119 dominc
766 3061 852 3133 ipsius
873 3074 958 3132 quam
984 3060 1065 3116 citius
1086 3061 1207 3132 potuerit

146 3166 193 3216 aut
219 3160 424 3233 perscriptum
453 3165 500 3214 aut
529 3175 579 3232 per
599 3166 704 3216 certum
730 3157 894 3225 hominem,
921 3163 1060 3228 quatenus
1089 3173 1153 3214 anm
1174 3158 1204 3214 in

146 3257 234 3328 gratia
254 3257 388 3330 recipiatc
412 3263 439 3314 et
458 3255 480 3312 si
495 3255 615 3313 noluerit
630 3271 693 3312 eum
711 3255 846 3328 recipere,
869 3262 898 3310 et
911 3254 1076 3324 dilataverit,
1091 3261 1207 3312 >etenn-

147 3353 248 3426 tegsrit
265 3371 331 3426 ‚eum
352 3354 421 3410 alibi
442 3355 623 3424 translatare,
653 3355 729 3412 nulla
750 3355 830 3426 culpa
851 3352 891 3409 illi
916 3351 956 3409 sit
976 3351 1023 3425 qui
1044 3368 1107 3409 eum
1129 3353 1205 3425 prius

145 3451 175 3508 in
198 3467 260 3508 casa
280 3468 329 3508 sua
350 3452 480 3524 suscepit.
503 3451 573 3508 Nam
594 3451 616 3507 si
637 3451 790 3524 susceperit
811 3458 838 3508 et
859 3468 915 3506 non
936 3450 1119 3520 mandaverit,
1142 3451 1205 3508 red·

145 3550 193 3606 dat
212 3549 302 3622 ipsum
323 3549 492 3622 mancipium
513 3555 541 3606 at
554 3549 686 3606 damnum
707 3549 751 3606 cui
773 3549 879 3618 iacent,
904 3548 986 3606 simul
1005 3557 1035 3606 et
1056 3565 1162 3622 operas.

226 3649 311 3704 226.
353 3647 382 3703 Si
412 3646 479 3720 quis
507 3646 683 3719 mancipium
705 3647 795 3702 sciens
823 3646 948 3718 fugacem
979 3647 1133 3721 susceperit
1158 3652 1206 3704 aut

147 3761 269 3803 anonam
288 3744 399 3802 dederit
420 3752 466 3802 aut
486 3743 560 3802 riam
580 3745 751 3815 ostenderit,
773 3752 801 3802 et
825 3727 981 3819 mancipias
1001 3745 1060 3819 ipse
1080 3745 1143 3814 luga
1165 3746 1205 3801 la·

147 3860 211 3918 psus
232 3845 261 3900 in
283 3850 363 3900 antea
385 3843 493 3913 lupuit,
517 3843 575 3915 ipse
597 3860 660 3900 eum
682 3845 822 3916 perquirat
849 3844 897 3915 qui
918 3860 1041 3900 annnam
1061 3841 1139 3898 dedit
1158 3849 1205 3898 aut

150 3942 223 4000 mam
245 3941 393 3998 estendere
408 3940 591 4014 presumpsit:
614 3947 641 3996 et
661 3941 682 3997 si
700 3959 766 3998 eum
780 3958 836 3996 non
854 3941 1001 4010 invenerit,
1024 3940 1123 3998 reddat
1142 3957 1204 4012 pre·

147 4041 215 4098 tium
235 4038 379 4112 mancipii,
402 4038 483 4096 simul
504 4045 531 4096 et
551 4054 596 4094 res
616 4054 684 4111 quas
704 4055 797 4096 secarm
815 4039 952 4110 parturita
974 4045 1002 4098 et
1020 4037 1043 4095 si
1060 4037 1204 4096 inventum

146 4139 240 4208 inerit,
263 4137 362 4194 reddat
382 4136 472 4211 ipsum
492 4143 520 4200 et
541 4125 648 4210 operas.

227 4236 306 4295 edd.
328 4233 381 4310 (De
391 4239 502 4303 cureat,
516 4239 547 4292 id
556 4233 743 4307 astsurorem.)
767 4233 796 4290 Si
818 4232 880 4306 quis
893 4234 922 4291 in
934 4239 1009 4290 curte
1026 4235 1117 4294 aliena
1132 4235 1203 4292 irate

146 4335 242 4395 animo
264 4333 405 4406 ingressus
419 4334 512 4402 fuerit,
532 4351 568 4391 u
587 4333 690 4390 solides
705 4331 747 4389 illi
767 4338 911 4405 conponat
930 4332 974 4389 cui
991 4339 1096 4391 curtem
1112 4333 1202 4394 fuerit.

228 4434 312 4493 118.
334 4431 389 4508 (Dc
409 4423 513 4504 odam,
536 4437 567 4490 id
588 4440 625 4490 cst
646 4435 728 4492 curtis
747 4429 879 4505 rupture.)
909 4429 1013 4490 Mulier
1034 4431 1117 4490 curtis
1138 4449 1204 4506 rup-

147 4542 210 4594 tura
238 4533 328 4592 iacere
357 4550 416 4590 nou
442 4537 551 4606 potest,
585 4533 661 4607 quod
688 4538 729 4590 est
758 4530 875 4598 uberum
917 4531 1068 4589 absurdum
1097 4530 1205 4590 ridetur
