3170 5218
393 522 455 584 116
681 499 685 506 ¹
810 541 920 586 usurus
945 541 1035 586 nuere

390 722 394 729 ·
469 689 547 766 (ΙΙΙ.)
569 694 606 749 8.
634 692 671 748 Et
693 691 744 748 hoc
765 679 909 762 volumus,
934 700 964 750 ut
985 689 1078 750 nullus
1097 693 1183 750 homo
1206 697 1346 764 presumat
1365 707 1452 748 causa

390 792 503 850 alteriue
523 793 558 849 ad
578 792 729 849 dicendum
740 792 969 864 suppreheudere
990 798 1037 849 aut
1051 807 1174 862 causare,
1199 791 1252 848 nisi
1273 808 1336 848 cum
1350 789 1452 847 notitia

276 911 278 918 ’
390 892 424 948 de
442 891 536 964 judice
557 907 622 961 suo,
653 907 734 947 causa
756 891 790 946 de
811 890 892 948 vidua
912 896 960 946 aut
981 891 1016 946 de
1038 891 1164 963 orphano
1187 891 1348 948 dicendum.
1378 891 1451 948 Nem

390 991 454 1062 qui,
477 997 507 1046 ul
529 989 669 1056 diximus,
703 991 738 1046 de
764 990 921 1046 conliberto
950 1005 1001 1045 suo
1022 1003 1133 1045 causum
1155 989 1381 1061 supprehendere
1402 995 1453 1046 aut

389 1110 502 1150 causare
522 1089 732 1164 presumpserit,
755 1093 898 1161 conponat
917 1085 1055 1157 widrigild
1076 1102 1167 1156 suum,
1191 1087 1368 1144 medietatem
1387 1086 1451 1158 regi

389 1198 417 1246 et
443 1189 621 1247 medietatem
644 1185 733 1258 judici
758 1202 826 1251 suos
859 1193 887 1242 et
911 1186 934 1242 si
959 1185 1046 1258 judex
1069 1184 1117 1257 qui
1140 1184 1239 1250 luerit,
1257 1191 1337 1268 ⁴ante
1363 1201 1451 1256 qoem

300 1286 303 1294 ’
389 1303 470 1350 causa
490 1288 657 1347 altercatur,
680 1284 735 1340 hoe
755 1283 817 1340 fieri
839 1283 996 1356 permiserit
1017 1290 1063 1340 aut
1084 1282 1276 1348 consenserit,
1306 1288 1451 1356 conponat

388 1386 448 1458 regi
470 1384 609 1455 widrigild
630 1390 721 1439 suum.

469 1480 567 1556 (ΠΗ.)
600 1485 637 1538 4.
669 1481 705 1536 Et
726 1481 779 1536 hoc
806 1479 932 1534 volumus
957 1484 985 1534 et
1005 1478 1166 1546 statuimus,
1196 1484 1230 1540 ,ut
1257 1477 1454 1550 unusquisque

388 1579 559 1650 erimannus,
578 1578 689 1652 quande
702 1593 765 1635 cum
781 1575 875 1650 judice
890 1592 940 1632 suo
959 1575 1172 1645 caballicarerit,
1196 1577 1385 1649 unusquisque
1397 1592 1451 1648 per

389 1678 569 1750 semetipsum
584 1677 685 1734 debent
705 1683 814 1749 portare
836 1681 944 1731 scutum
961 1681 989 1730 et
1006 1674 1142 1743 lanceam,
1167 1682 1195 1729 et
1215 1674 1255 1730 sic
1272 1682 1335 1748 post
1355 1675 1450 1747 ipsum

389 1775 553 1842 caballioet3
576 1782 604 1832 et
623 1775 645 1830 si
667 1773 702 1830 ad
716 1773 851 1845 palatium
868 1771 1067 1846 conjudicem
1084 1787 1165 1828 suum
1182 1773 1300 1843 venerit,
1322 1757 1451 1830 similiter

388 1875 480 1934 iaciat.
501 1876 565 1931 Hoc
586 1879 678 1930 autem
699 1871 764 1928 ideo
775 1873 901 1928 volumus
921 1877 952 1926 ut
972 1869 1033 1926 fieri
1049 1869 1160 1938 debeat,
1183 1869 1249 1942 quia
1264 1870 1387 1926 incertus
1407 1878 1451 1926 est

389 1972 474 2028 homo
504 1973 572 2046 quid
604 1971 630 2028 ei
651 1969 846 2042 superveniat,
876 1975 924 2025 aut
944 1970 1056 2041 qualem
1077 1968 1239 2024 mandatum
1260 1968 1391 2041 suscipiat
1411 1969 1450 2025 de

336 2051 339 2057 ⁵
389 2087 452 2139 nos,
476 2078 523 2128 aut
543 2072 580 2126 de
599 2077 672 2126 terra
693 2069 771 2125 istius
792 2069 839 2125 ubi
859 2073 1036 2141 oportunum*
1050 2067 1132 2124 luerit
1148 2067 1320 2126 caballicare.
1344 2067 1373 2123 Si
1385 2068 1450 2139 quis

388 2168 555 2250 veretaliter
575 2169 664 2225 iacere
686 2159 903 2241 presumpserit,
935 2173 1078 2238 conponat
1104 2165 1191 2238 iudici
1212 2181 1262 2223 suo
1284 2165 1388 2222 solidos
1409 2165 1451 2222 si-

388 2265 475 2335 ginti;
500 2274 527 2322 et
543 2267 630 2339 judex
651 2265 718 2329 ille,
751 2265 1010 2338 cujus‘arimannus
1031 2262 1085 2320 hoe
1112 2263 1250 2320 distulerit
1270 2263 1394 2337 inplere,
1423 2264 1450 2319 si

389 2379 446 2418 non
468 2363 659 2431 distrinxerit,
682 2363 752 2419 sicut
772 2379 855 2435 supra
877 2361 1018 2430 diximus,
1042 2367 1185 2434 conponat
1205 2361 1345 2432 widrigild
1361 2374 1449 2418 'suum

386 2460 415 2515 in
437 2463 570 2532 palatium
590 2461 673 2532 regis.
711 2462 753 2517 De
775 2462 908 2518 [erratura
930 2460 1043 2532 quidem
1065 2467 1093 2515 et
1113 2459 1196 2516 aliam
1217 2468 1384 2517 armaturam
1404 2461 1449 2516 vel

387 2559 508 2614 caballos
528 2559 566 2615 ita
586 2559 688 2615 debeat
706 2558 800 2614 omnis
819 2559 905 2630 judex
919 2558 1082 2615 arimannos
1097 2573 1161 2612 suos
1176 2557 1353 2631 distringere,
1376 2557 1450 2614 sicut

382 2652 441 2726 'jam
461 2673 512 2729 per
532 2657 701 2714 anteriorem
722 2665 847 2714 nostram
865 2660 1021 2731 jussionem
1041 2659 1227 2732 precepimus.

847 2791 986 2833 EXPLICIT·

631 2977 764 3062 (Kelendls
789 2997 903 3056 mertile,
935 3009 1003 3046 anno
1028 2993 1206 3064 DCCXLVI.)
1262 2961 1265 2966 μ

854 3095 982 3178 rnorem

667 3209 844 3282 EDICTUM
867 3208 1010 3272 Rscflls
1034 3208 1159 3276 REGIS.

457 3334 615 3392 ,CHRISTI
632 3321 756 3394 desu
773 3345 801 3392 et
823 3335 1023 3393 Solootcris
1042 3338 1161 3392 nostri
1181 3338 1296 3394 adsidue
1309 3353 1358 3392 nos
1379 3351 1446 3392 con-

385 3437 600 3505 ueniepeeesptu
619 3436 749 3508 condere,
773 3437 847 3506 usius
861 3435 1037 3505 prouidentia
1057 3436 1094 3489 ud
1105 3437 1245 3506 regiminis
1261 3437 1362 3492 cutem
1379 3451 1445 3504 per-

384 3535 515 3592 venimus.
544 3533 632 3604 ipsius
652 3536 804 3590 ausiliante
824 3534 1027 3614 misericordie,
1060 3549 1093 3589 eo
1113 3549 1163 3604 pue
1182 3536 1255 3605 penti
1274 3534 1350 3590 nobis
1370 3549 1445 3592 com-

384 3631 482 3686 missae
502 3635 673 3700 conueniunt,
695 3635 764 3688 idest
781 3633 926 3688 emioluoe
946 3640 970 3688 et
988 3630 1046 3686 Deo
1064 3631 1174 3688 dilectae
1188 3630 1444 3704 Langobardorum,

384 3728 529 3788 statuendo
545 3732 720 3801 previdimus.
745 3729 834 3798 Quum
849 3731 1056 3801 plenosisss'rnus
1077 3746 1110 3784 oe
1127 3731 1258 3800 precelsus
1273 3729 1446 3785 Rotlsurit

384 3843 448 3896 ren,
477 3829 554 3899 nujus
574 3830 661 3900 gentis
680 3826 927 3900 Langobardorum
945 3831 1067 3898 princes,
1097 3830 1192 3884 diuino
1213 3828 1269 3882 eidi
1285 3827 1376 3898 gratio
1396 3828 1444 3882 in·

383 3926 521 3994 spirante,
552 3927 622 3998 leges
641 3929 757 3982 inserant
777 3933 856 3997 utque
876 3928 1038 3994 innovavit,
1071 3934 1101 3982 ut
1127 3943 1217 3981 omnes
1236 3927 1397 3980 intentiones
1416 3932 1445 3982 et

384 4023 562 4080 dissensiones
581 4023 715 4088 rnawrurn
735 4025 874 4080 leoninum
892 4025 1014 4095 repertun·
1028 4026 1135 4096 judicio
1159 4030 1305 4080 resecaret:
1333 4025 1445 4094 quiden

382 4127 407 4176 et
427 4123 537 4189 statuit,
560 4130 590 4178 ut
611 4125 700 4178 wneti
719 4138 880 4179 successores
902 4123 957 4192 ejus
978 4138 1047 4193 pue,
1070 4123 1123 4178 sili
1142 4120 1231 4178 Deum
1250 4122 1441 4192 irupirantens,

382 4233 479 4288 aspero
501 4226 524 4274 et
546 4221 617 4274 dure
637 4226 814 4292 cognosceret,
837 4221 879 4275 illi
899 4222 937 4275 od
956 4221 1095 4275 mollitiem
1115 4226 1140 4274 et
1156 4220 1267 4290 pietatis
1285 4221 1445 4290 perduceret

382 4318 510 4385 pralium,
526 4314 631 4372 Deinde
644 4334 777 4374 successor
798 4319 853 4388 ejus
870 4315 1065 4384 Grimouul
1074 4318 1092 4371 d
1111 4317 1359 4387 precellentissimus
1378 4333 1441 4386 reu,

383 4413 448 4468 dune
468 4415 585 4470 studiose
605 4422 684 4486 utque
703 4414 850 4487 vigilanter
869 4415 1038 4486 nnputorun
1058 4416 1241 4470 renuideroset
1260 4417 1442 4486 necessitates,

382 4524 414 4563 eu
435 4525 504 4580 quoe
523 4508 567 4566 illi
584 4513 674 4568 ninus
694 4519 766 4570 reste
787 4527 840 4567 esse
861 4513 1003 4584 conparuit
1032 4513 1069 4568 od
1098 4511 1233 4568 meliorem
1261 4519 1359 4570 stetten
1380 4527 1442 4568 eor-
