3172 5228
492 549 631 593 uurcrurr
654 548 720 596 car.
735 543 850 588 ss-tt
945 563 952 577 ‹
1159 531 1201 592 73

226 697 312 774 (Vll.)
333 700 407 767 do,
434 697 464 758 Si
486 698 548 770 quis
568 698 676 764 dederit
697 699 830 768 wadiam,
864 704 892 754 et
920 713 981 754 eam
1001 713 1132 771 recepere
1155 715 1202 755 ue-

147 798 279 868 glexerit,
312 803 454 869 conponat
473 797 544 852 sicut
564 797 592 852 iu
615 796 753 852 anteriore
775 797 873 853 Edicto
902 796 1011 867 legitur.
1054 797 1132 852 Etsi
1155 797 1201 869 ille

146 896 195 967 qui
221 896 280 966 ipsa
301 895 418 951 wadiam
445 895 582 966 acceperit
609 894 737 962 reddere
756 895 908 964 neglexerit
936 909 987 965 per
1014 893 1199 966 fidejussores,

147 999 175 1048 et
195 999 261 1064 aput
282 1009 345 1048 eum
369 990 544 1060 remanserit,
567 990 606 1047 sic
627 989 778 1063 conponat,
803 991 944 1063 quomode
965 997 993 1047 et
1012 990 1059 1047 ille
1080 992 1128 1063 qui
1148 1008 1202 1048 wa·

146 1089 221 1147 diam
241 1107 318 1147 suam
339 1090 462 1162 recipere
484 1089 646 1160 neglexerit.

227 1203 409 1280 (tiltres.
431 1205 460 1261 Si
482 1205 543 1278 quis
564 1205 643 1261 alteri
663 1205 772 1260 homini
795 1204 912 1261 wadiam
933 1203 1054 1269 dederit,
1077 1211 1105 1258 et
1125 1209 1202 1260 ante'·

147 1319 230 1375 quam
256 1320 316 1362 eam
346 1319 395 1375 per
426 1304 618 1375 fidejussorem
649 1303 742 1359 liberit
778 1302 914 1358 violenter
949 1302 983 1357 de
1012 1318 1095 1358 manu
1127 1300 1201 1356 illius

147 1401 310 1456 abstraxerit
330 1401 373 1456 cui
394 1418 427 1457 ee
449 1401 545 1470 dedit,
575 1407 718 1472 conponat
737 1399 763 1456 ei
785 1400 829 1456 cui
851 1399 940 1471 ipsam
960 1399 1078 1454 wadiam
1098 1398 1202 1454 abstra-

146 1498 219 1554 xerit
238 1497 342 1553 solidos
362 1515 451 1556 xxrrrr.
473 1499 533 1554 Hoc
554 1505 646 1554 autem
666 1497 730 1553 ideo
752 1498 874 1568 adfigere
893 1495 1070 1569 precipimus,
1094 1513 1128 1552 ue
1150 1512 1200 1568 pro

147 1596 193 1652 tali
214 1611 295 1652 causa
316 1596 477 1651 scandalum
498 1595 603 1652 oriatur
623 1601 670 1651 aut
690 1595 781 1652 anima
803 1590 908 1666 pereat.

227 1707 344 1785 (Villi.)
365 1712 427 1768 88.
449 1710 479 1766 Si
500 1710 562 1782 quis
579 1711 624 1767 alii
642 1711 758 1768 wadiam
769 1711 887 1778 dederit,
902 1717 929 1766 et
945 1709 1064 1765 voluerit
1077 1724 1138 1764 eam
1157 1723 1207 1779 per

150 1808 326 1880 fidejussores
347 1825 411 1864 suos
431 1794 573 1880 recipere,
604 1809 798 1865 et'adduxerit'
816 1809 851 1864 ad
872 1825 936 1864 eum
957 1808 1004 1880 qui
1026 1806 1142 1862 wadiam
1163 1822 1207 1861 re-

148 1905 223 1977 cepit
238 1906 414 1977 fidejussores
434 1921 532 1970 uuum,
556 1905 623 1976 duo,
646 1887 770 1976 veltres,
794 1913 820 1961 et
836 1906 896 1978 ipse
908 1905 1018 1974 dixerit,
1035 1904 1100 1976 quia
1110 1903 1206 1960 Nescio
1271 1948 1274 1956 ,

148 2004 279 2075 quistet,
304 1991 332 2058 ut
352 2003 454 2058 damno
476 2003 501 2057 ei
524 2002 613 2059 lacere
634 1999 739 2075 possit:
762 2009 829 2059 tunc
849 2003 987 2059 adducere
1009 2002 1034 2057 ei
1056 2002 1153 2058 deveat
1174 2000 1207 2056 fi-

149 2100 319 2172 deiussorem
340 2107 387 2157 aut
407 2100 442 2156 de
470 2101 518 2156 illa
540 2099 646 2157 civitate
668 2102 742 2157 uude
763 2101 823 2173 ipse
845 2099 956 2172 estqui
977 2099 1093 2155 wadiam
1115 2098 1202 2168 dedit,
1270 2080 1271 2090 ἵ

148 2205 195 2254 aut
209 2198 243 2253 de
255 2198 302 2254 ills
314 2199 387 2253 unde
397 2198 457 2271 ipse
470 2200 567 2272 estqui
579 2200 714 2272 suscepit3
731 2206 759 2255 et
769 2200 792 2255 si
802 2199 917 2257 minime
927 2199 965 2254 ita
975 2197 1080 2253 inventi
1091 2198 1203 2266 luerint,

148 2304 214 2352 tune
233 2297 371 2368 suscipere
393 2297 490 2352 deveat
510 2297 569 2369 ipse
591 2297 638 2369 qui
656 2297 783 2356 ¹wadiam
810 2297 918 2368 accepit
937 2295 1133 2367 'fidejussorem
1153 2296 1205 2354 ho-

147 2393 252 2450 minem
272 2393 392 2450 liberum
418 2411 501 2466 quem
523 2394 680 2450 collivertus
708 2395 765 2466 ejus
789 2394 930 2465 cognitum
957 2393 1057 2462 habet,
1090 2401 1118 2448 et
1138 2389 1206 2448 dicit

147 2491 185 2556 ei,
208 2491 284 2563 quud
304 2491 363 2564 Epo
383 2495 438 2548 scic
459 2495 525 2564 quia
546 2494 693 2548 eierederc
705 2501 796 2564 pour,-
819 2493 942 2549 ethumu
963 2490 1011 2547 ille
1025 2491 1071 2564 qui
1088 2490 1203 2546 wadiam

148 2588 226 2646 dedit
246 2589 380 2646 damnum
401 2607 458 2646 uon
480 2590 624 2662 patiatur.'
814 2579 816 2584 ’

227 2701 287 2779 (X.)
308 2708 373 2763 89.
396 2706 425 2762 Si
446 2705 509 2779 quis
529 2704 578 2761 alii
599 2705 707 2763 homini
728 2705 846 2762 wadiam
868 2705 975 2761 dederit
1000 2721 1052 2778 pru
1074 2691 1205 2777 quacum-

146 2819 201 2875 que
222 2820 320 2873 causa,
353 2811 380 2859 et
400 2805 589 2878 fidejussorem
610 2804 750 2876 posuerit,
785 2812 812 2860 et
833 2810 933 2885 postea
955 2804 990 2860 ad
1020 2802 1111 2878 ipsum
1137 2802 1204 2858 tide·

144 2901 283 2972 jussorem
304 2901 475 2958 antestelerit
500 2907 547 2957 aut
566 2900 667 2973 pignus
694 2901 729 2958 de
750 2917 833 2957 manu
863 2901 973 2972 tulerit,
1002 2907 1030 2956 et
1058 2906 1204 2974 provatum

150 2997 245 3067 luerit,
268 3006 410 3071 conponat
430 2998 534 3055 solidos
555 3014 600 3057 xx.

228 3109 303 3186 (xl.)
343 3093 408 3176 40.
445 3111 474 3168 Si
502 3112 564 3184 quis
591 3112 638 3168 alii
669 3111 775 3168 homini
807 3110 923 3168 wadiam
953 3111 1062 3168 dederit
1088 3117 1116 3167 et
1135 3111 1204 3168 tide-

144 3211 283 3283 jussorem
322 3210 460 3282 posuerit,
507 3215 534 3264 et
570 3209 629 3282 ipse
664 3209 810 3282 fidejussor
845 3226 909 3267 eum
944 3208 1148 3281 pigneraverit,
1170 3207 1206 3264 'et

147 3308 264 3381 pignera
290 3307 349 3380 ipsu
376 3309 411 3363 ad
432 3308 600 3364 creditorem
628 3308 686 3380 ejus
713 3307 836 3372 dederit,
867 3315 894 3363 et
914 3313 1010 3379 postea
1029 3305 1056 3362 ei
1077 3305 1136 3380 ipse
1157 3323 1203 3362 cu-

144 3405 190 3477 jus
205 3389 331 3476 'pignera
352 3405 433 3460 luerit
453 3422 504 3478 per
523 3405 622 3461 virtute
653 3403 764 3474 tolcrit,
796 3411 938 3476 conponat
956 3405 1017 3485 ipsa
1037 3403 1152 3477 pignera
1173 3403 1203 3460 in

149 3504 282 3574 actogild.

230 3625 315 3700 (ΧΗ.)
335 3629 393 3683 41.
421 3625 449 3682 Si
471 3625 533 3698 quis
553 3625 638 3681 alium
659 3631 723 3682 ante
743 3625 922 3684 coustitutum
943 3625 1147 3699 pigneraverit,
1176 3633 1204 3682 et

149 3730 293 3796 provatum
314 3724 396 3780 tuerit
411 3724 486 3796 quod
507 3729 571 3780 ante
586 3723 735 3780 constituto
746 3723 928 3796 pignerasset,
951 3731 1093 3798 conponat
1113 3725 1201 3797 ipsum

150 3821 268 3894 pignum
288 3823 317 3876 iu
338 3823 468 3893 actcgild.

230 3935 333 4010 (ml.)
361 3939 422 3994 te.
454 3936 483 3993 Si
504 3936 566 4009 quis
583 3937 669 4008 judex
690 3943 738 3993 aut
756 3945 832 3995 actor
853 3937 978 4009 puplicus
999 3935 1028 3992 in
1050 3935 1202 4009 qualicum-

150 4053 206 4110 que
226 4034 363 4092 civitatem
392 4042 440 4092 aut
465 4036 558 4093 lucum
585 4035 658 4091 inter
677 4035 806 4092 humenis
826 4034 874 4106 qui
895 4035 1016 4107 aliquam
1035 4033 1202 4090 discordiam

150 4135 255 4191 habent
274 4139 371 4190 trewas
392 4135 501 4204 tolerit,
533 4140 561 4189 et
587 4149 659 4189 uuus
688 4149 722 4188 ex
750 4131 816 4204 ipsis
846 4132 1005 4190 hominibus
1032 4132 1106 4188 inter
1133 4148 1203 4204 quos

150 4234 225 4305 ipsas
245 4239 344 4288 trewas
364 4233 432 4288 tulta
452 4238 515 4288 sunt
535 4248 581 4288 eas
601 4231 725 4302 ruperit:
755 4229 929 4287 medietatem
951 4227 985 4286 de
1013 4231 1085 4302 ipsas
1105 4237 1202 4286 trewas

151 4337 293 4403 conponat
313 4328 342 4386 iu
364 4329 487 4402 puplico,
510 4337 538 4385 et
553 4329 728 4388 medietatem
749 4327 790 4383 illi
812 4329 887 4400 eujus
902 4344 983 4384 causa
1004 4336 1053 4385 est.
1074 4328 1110 4383 Et
1129 4327 1202 4399 ipsas

151 4435 250 4485 trewas
271 4445 328 4484 non
350 4428 405 4484 siut
424 4427 516 4483 minus
537 4443 619 4500 quam
640 4424 722 4482 solidi
734 4442 785 4491 cc3
809 4426 856 4499 qui
877 4432 968 4482 autem
984 4425 1102 4499 amplius
1122 4425 1203 4482 fursi-

154 4533 215 4582 tans
235 4542 285 4598 pru
306 4526 456 4597 maioribus
477 4525 565 4580 causis
587 4516 840 4597 pcnereuuluerit,
863 4524 898 4580 sit
917 4523 943 4580 ei
964 4523 1112 4584 licentiam.
