3172 5228
388 498 431 564 st
751 511 936 564 usurarium
960 519 1050 564 nucis

388 680 436 728 ant
454 671 489 726 de
511 676 589 744 patre
609 669 656 726 au't
676 670 711 726 de
731 671 804 740 avio,
828 671 905 743 quod
926 671 1014 742 ipsam
1035 685 1095 726 rem
1114 685 1165 746 per
1184 670 1351 744 principem,
1375 687 1442 744 qna·

387 770 444 825 lern
465 785 546 825 ausus
567 767 648 824 suerit
669 767 826 832 nominare,
850 768 908 840 ipse
930 776 976 824 aut
990 775 1118 840 parentes
1136 768 1221 840 ipsius
1237 785 1333 841 pernx
1353 781 1442 826 anuos

387 864 565 940 possedissit,
599 881 651 922 nec
672 882 733 921 eam
765 883 815 938 per
836 853 927 936 legem
948 865 1088 922 dimittere
1109 865 1224 934 deveat,
1244 873 1271 922 et
1291 867 1326 922 sit
1346 873 1441 938 postea

386 981 507 1022 securus.
539 963 618 1019 Etsi
639 961 693 1019 hoc
714 963 803 1019 lacere
826 977 907 1019 ausus
929 978 987 1018 non
1009 963 1107 1032 luerit,
1134 953 1442 1048 aut'iortepastatdius

387 1069 433 1119 aut
453 1067 530 1116 actor
551 1075 666 1132 provare
689 1060 810 1131 potuerit
830 1061 907 1133 quod
929 1061 1053 1132 conplcti
1075 1078 1109 1116 nx
1136 1061 1201 1117 anni
1223 1061 1361 1132 possessio
1381 1061 1442 1134 ipsa
1535 1066 1537 1068 ’

299 1206 305 1218 .
388 1175 444 1214 non
466 1158 510 1222 sit,
535 1165 562 1212 et
581 1156 860 1229 veritasapparuern
882 1159 958 1229 quod
979 1158 1014 1213 de
1037 1159 1147 1230 puplico
1165 1158 1265 1227 fuissit,
1289 1165 1335 1214 aut
1350 1165 1443 1214 osten·

340 1279 344 1286 ·
386 1259 433 1313 dat
448 1262 619 1328 preceptum,
641 1260 687 1309 aut
703 1254 809 1310 amittat
830 1257 918 1326 ipsam
939 1271 998 1310 rem
1020 1257 1042 1310 si
1061 1272 1095 1311 nx
1116 1257 1182 1312 anni
1205 1255 1233 1311 in
1247 1256 1315 1327 vipsa
1336 1273 1443 1330 posses·

385 1344 464 1412 sione
486 1369 541 1408 non
564 1351 646 1407 suerit
666 1351 797 1423 conpleti.
821 1353 898 1408 Etsi
920 1353 1049 1409 forsitans
1068 1354 1170 1426 aliquis
1191 1355 1225 1410 de
1241 1369 1321 1410 servo
1342 1360 1388 1410 aut
1406 1354 1441 1408 de

385 1449 497 1506 aldione
519 1448 623 1504 domno
646 1446 718 1517 regis
740 1449 920 1522 conparavit,
943 1458 971 1506 ot
991 1458 1104 1522 provata
1125 1467 1206 1507 cansa
1227 1451 1320 1522 luerit,
1343 1451 1443 1508 relaxit

385 1548 473 1620 ipsam
494 1563 552 1603 rem
574 1547 603 1602 in
625 1546 755 1617 puplico:
779 1547 902 1619 quiade
924 1563 1003 1604 servo
1025 1555 1071 1604 aut
1093 1549 1128 1604 de
1149 1549 1261 1605 aldione
1283 1550 1355 1619 regis
1376 1565 1442 1622 pos·

385 1646 470 1702 sessio
491 1643 654 1701 vinditionis
682 1659 741 1700 esse
768 1660 825 1700 non
859 1644 952 1714 davit,
980 1645 1051 1702 sicut
1078 1662 1130 1702 nec
1157 1647 1192 1754 de
1214 1645 1333 1704 aliorum
1354 1646 1441 1704 servis

386 1744 428 1798 vel
449 1742 615 1799 aldionibus.
1114 1755 1116 1758 ·
1212 1755 1215 1762 ·

434 1838 512 1912 ·.(Χ
515 1837 525 1914 )
554 1841 614 1896 att.
646 1836 686 1897 De
708 1855 741 1895 eo
762 1839 877 1895 homine
899 1839 947 1912 qui
969 1840 1101 1896 cavallo
1094 1858 1124 1896 rn
1145 1849 1266 1898 mercato
1288 1816 1441 1914 conparare

385 1879 510 2000 voluerit,
535 1942 564 1992 ut
584 1943 646 1992 ante
668 1937 737 1993 duos
759 1942 805 1992 aut
825 1944 880 1992 tres
902 1936 1028 1994 homines
1050 1955 1113 1994 eum
1134 1955 1227 1996 emere
1246 1941 1351 2010 deveat,
1375 1957 1442 1996 nam

385 2052 441 2090 non
462 2041 584 2105 segreter
607 2039 635 2090 et
655 2034 678 2090 si
699 2035 798 2106 aliquis
816 2040 913 2106 postea
933 2034 1025 2107 ipsum
1042 2036 1177 2094 cavallum
1196 2039 1367 2108 cognoverit,
1392 2039 1442 2095 ha-

384 2134 449 2191 beat
469 2133 626 2189 testimonia
648 2133 678 2188 in
699 2133 776 2205 cujus
796 2133 936 2204 presentia
957 2136 1133 2206 conparavit„
1164 2144 1191 2193 et
1211 2138 1235 2193 ei
1259 2143 1354 2208 postea
1375 2137 1442 2193 furti

383 2233 521 2288 calomnia
543 2248 600 2286 non
621 2231 677 2288 fiat.
705 2231 741 2286 Et
760 2230 783 2286 si
805 2231 841 2286 ad
860 2230 936 2304 ipsos
958 2237 1039 2287 testas
1062 2250 1118 2292 non
1140 2219 1296 2293 credederit
1315 2235 1362 2307 qui
1384 2235 1442 2291 lur-

383 2335 441 2384 tum
462 2327 563 2400 quorit‚
588 2328 699 2385 firment
719 2327 772 2400 ipsi
790 2334 873 2388 testes
892 2344 943 2400 per
957 2337 1172 2399 sagramentum,
1195 2340 1310 2405 excepto
1328 2333 1350 2388 si
1372 2335 1441 2389 tales

382 2426 504 2482 hominis
525 2427 649 2495 suerent,
679 2425 780 2497 quibus
801 2443 850 2481 rex
871 2433 918 2482 aut
935 2426 1021 2498 judex
1042 2428 1102 2484 sine
1123 2437 1297 2499 sagramento
1324 2429 1441 2486 credere

383 2524 478 2597 possit.
508 2524 586 2580 Etsi
609 2523 737 2579 homenis
758 2539 816 2578 nou
838 2524 965 2580 habuerit
985 2524 1014 2580 in
1036 2542 1155 2598 quornm
1177 2527 1314 2598 presentia
1336 2545 1442 2600 conpa-

382 2620 470 2692 ravit,
504 2621 558 2677 nisi
579 2621 741 2694 simpliciter
761 2621 879 2686 dixerit,
914 2623 990 2694 quod
1013 2623 1165 2695 conparavi
1183 2627 1219 2680 'da
1237 2625 1362 2696 Franco,
1392 2633 1442 2682 aut

382 2718 477 2776 Nescio
498 2707 530 2774 do
550 2721 656 2790 podem
671 2721 814 2784 hominem,
837 2727 981 2792 conponat
999 2720 1091 2793 ipsum
1106 2725 1240 2780 cavallum
1262 2740 1312 2796 pro
1326 2725 1440 2783 lurtum.

463 2816 521 2885 [XI.
542 2817 584 2872 De
602 2816 766 2891 sueonibus.)
795 2819 860 2875 80.
885 2818 919 2876 Ut
938 2820 1127 2892 unusquisqne
1145 2821 1230 2892 judex
1250 2821 1279 2877 in
1301 2822 1441 2878 civitatem

383 2905 459 2971 suam
480 2914 562 2972 iaciat
582 2915 715 2973 carcirem
735 2917 787 2972 sub
808 2925 898 2982 terra;
935 2924 963 2974 et
983 2933 1047 2974 cum
1067 2919 1195 2975 inventus
1216 2919 1314 2988 luerit,
1346 2921 1440 2992 ipsum

382 3013 484 3070 turtum
505 3015 662 3086 conponat,
688 3021 717 3070 et
737 3015 958 3087 conpraehindat
978 3033 1058 3085 enm,
1087 3023 1115 3072 et
1135 3017 1224 3074 mittat
1245 3017 1273 3072 in
1295 3019 1356 3089 ipso
1378 3023 1441 3074 car*

382 3111 437 3168 cire
459 3112 493 3168 ad
515 3127 604 3168 annos
626 3111 681 3168 duo
703 3114 744 3168 vel
766 3119 837 3182 tres,
870 3120 897 3169 et
919 3119 1013 3186 postea
1036 3115 1155 3170 dimittat
1176 3132 1239 3171 cnm
1260 3130 1369 3179 sanum.
1399 3117 1441 3172 Et

381 3209 486 3266 sitatis
508 3226 628 3282 persona
648 3210 749 3276 luerit,
784 3219 813 3267 ut
834 3229 890 3267 non
913 3213 1013 3269 habeat
1033 3212 1108 3269 unde
1135 3212 1226 3285 ipsum
1247 3213 1347 3270 lurtum
1368 3229 1441 3270 con-

382 3323 496 3380 ponere,
519 3307 620 3364 debeat
639 3325 703 3365 eum
725 3310 790 3366 dare
810 3310 839 3366 in
857 3325 955 3366 manns
976 3310 1050 3366 illius
1071 3311 1114 3368 cni
1133 3312 1341 3384 ipsnmlurtnm
1359 3313 1437 3383 lecit,

381 3410 409 3461 et
427 3404 488 3478 ipse
507 3405 543 3461 de
565 3421 599 3460 eo
613 3405 701 3462 ,saciat
722 3408 798 3478 quod
820 3407 945 3467 volucrit.
987 3409 1023 3464 tlt
1044 3409 1067 3466 si
1088 3417 1184 3482 postea
1205 3411 1305 3468 iterum
1325 3415 1383 3484 ipse
1405 3412 1439 3468 in

381 3501 453 3558 lurto
474 3507 566 3557 tentus
587 3502 688 3573 luerit,
712 3504 829 3561 decalvit
849 3520 912 3561 cum
933 3511 961 3562 et
981 3506 1062 3562 cedat
1082 3525 1131 3579 per
1152 3507 1342 3580 disciplinam,
1365 3509 1441 3567 sicut

381 3599 455 3656 devit
475 3599 613 3670 turonem,
636 3608 663 3657 et
683 3609 770 3672 ponat
791 3601 816 3658 ei
829 3601 940 3672 signum
960 3603 990 3659 in
1006 3604 1095 3661 fronte
1116 3611 1144 3662 et
1165 3605 1268 3672 laclae;
1292 3613 1319 3663 et
1339 3607 1361 3664 si
1382 3625 1440 3664 nec

381 3696 420 3753 sic
440 3697 588 3753 emendare
610 3699 741 3769 voluerit,
773 3705 801 3754 et
821 3707 889 3772 post'
903 3701 975 3772 ipsas
996 3701 1181 3759 districtiones
1202 3699 1230 3759 in
1253 3705 1354 3768 lurtum
1376 3712 1441 3761 ten-

381 3801 423 3850 tus
443 3794 535 3863 tuerit,
560 3795 654 3852 vindat
674 3813 738 3852 enm
759 3796 827 3853 ioris
848 3798 1001 3870 provincia,
1024 3809 1052 3856 et
1072 3801 1172 3857 habeat
1190 3801 1243 3857 sibi
1257 3804 1343 3875 iudex
1356 3819 1440 3876 prae-

380 3893 447 3950 tium
468 3893 568 3964 ipsium
601 3901 787 3951 verumtamen
808 3903 839 3951 ut
856 3897 969 3969 provata
990 3914 1071 3956 cansa
1092 3901 1146 3968 sit,
1171 3906 1199 3956 et
1219 3917 1276 3956 non
1290 3918 1354 3958 cum
1372 3901 1438 3957 sine

379 4005 442 4046 vera
462 3991 626 4064 provetione
647 3993 745 4048 deveat
764 3993 887 4053 vindere.

459 4087 552 4163 (XII.)
595 4092 651 4148 81.
694 4091 807 4164 Siquis
834 4091 919 4149 homo
940 4085 1075 4150 cavallum
1095 4095 1255 4165 perdederit
1283 4097 1438 4162 autetiam

379 4188 608 4259 qualemcumque
629 4203 709 4258 rem,
737 4189 822 4246 vadat
841 4190 877 4246 ad
894 4190 1018 4262 jndicem
1040 4191 1087 4264 qui
1114 4191 1143 4248 in
1174 4195 1236 4250 loco
1266 4194 1371 4266 positus
1391 4201 1438 4250 est

379 4283 427 4339 ubi
449 4283 551 4340 turtum
572 4284 673 4344 factum
695 4284 787 4355 luerit,
810 4293 838 4342 et
858 4287 931 4344 dicat
952 4289 977 4344 ei
998 4287 1092 4345 omnia
1108 4291 1228 4362 qualiter
1247 4291 1272 4347 ei
1291 4291 1434 4360 contegits

379 4389 407 4439 et
426 4383 448 4440 si
465 4384 552 4457 judex
568 4386 723 4444 neclectum
739 4385 836 4442 lecerit
856 4387 890 4442 ad
904 4387 1128 4461 inquirendum'
1119 4405 1210 4460 ipsum
1230 4388 1343 4459 lurtum,
1366 4405 1438 4446 con-

378 4487 464 4552 ponat
484 4479 519 4538 de
539 4481 653 4592 proprio
675 4498 725 4539 suo
747 4481 877 4540 lurtum
869 4499 969 4557 rpsnm
1006 4484 1083 4541 Et
1062 4501 1085 4543 sr
1106 4485 1207 4543 dixerit
1226 4485 1304 4559 qnod
1323 4487 1435 4546 nullum
