3172 5228
761 505 947 552 uuusuannt
968 505 1059 551 nuum

685 653 813 710 INCIPIT
823 655 868 706 DE
884 653 980 708 Auno
993 655 1142 708 OCTABO.

651 775 784 846 (Kalendis
810 783 922 841 martiis,
955 793 1022 831 enno
1047 777 1186 847 DCCXX.)

716 902 909 979 VOLUMEN
932 902 1117 972 TERTIUM.

463 1049 523 1123 Epo
543 1051 575 1105 in
593 1046 647 1103 uss
660 1049 848 1118 osuuipotsotis
864 1049 973 1104 nomios
988 1049 1221 1106 mesammones
1238 1023 1440 1120 liutprand

385 1165 435 1214 ssu
453 1149 598 1219 filicissimo
618 1147 704 1217 pestiis
724 1144 983 1217 Loupobuodorum,
1015 1161 1106 1216 nouo,
1129 1145 1186 1202 Deo
1203 1149 1342 1218 propitio,
1364 1149 1441 1219 repsi

385 1247 567 1314 redonabo,
599 1246 662 1299 diue
682 1245 859 1299 kalendorum
876 1247 1058 1307 mus-tiorum,
1085 1247 1234 1300 iudiotloos
1254 1246 1354 1314 tertio,
1384 1261 1439 1300 unu

385 1363 446 1404 suos
464 1343 624 1402 inlustribus
638 1343 712 1400 ,vois
732 1342 903 1400 obtimatibus
922 1344 988 1397 mels
1008 1340 1160 1411 Nsustrloe,
1182 1338 1309 1398 Austn'oe
1336 1350 1360 1399 st
1385 1341 1438 1398 Tu-

386 1442 618 1513 suessionibus,
647 1440 688 1495 osi
716 1441 849 1495 uniuersis
868 1441 1001 1496 nobilibus
1022 1439 1226 1512 beneolentis,
1250 1442 1314 1496 dum
1334 1441 1439 1512 ainuulo

386 1557 456 1612 quos
482 1542 514 1595 in
542 1539 723 1594 uotnioribus
750 1539 835 1593 titulis
862 1538 940 1609 buires
969 1538 1064 1594 Edisti
1086 1540 1211 1610 lepusuur
1237 1541 1372 1594 studiosus
1390 1539 1440 1593 leus

385 1639 518 1695 subtiliter
535 1643 784 1708 persolutussemus,
807 1638 946 1691 assistente
965 1638 1040 1692 omsti
1051 1638 1159 1707 populo,
1179 1644 1337 1707 pumenius,
1359 1653 1440 1706 quum

386 1752 495 1806 sequeus
515 1751 601 1790 sunno
620 1735 829 1797 monstraverit,
853 1735 969 1806 addere,
993 1736 1141 1798 elucidare,
1168 1735 1224 1814 sibe
1243 1742 1360 1792 statuere
1376 1751 1438 1805 prs-

385 1836 506 1890 oideusus
526 1834 625 1904 lepram
645 1833 765 1904 punem
785 1833 905 1898 omnium

347 1982 351 1989 .
466 1928 515 2005 (Ι.)
536 1929 595 1987 16.
617 1928 797 2000 Quicumque
820 1927 903 1984 bomo
924 1928 977 1983 sub
993 1927 1073 1998 regni
1091 1927 1177 1985 nostri
1189 1928 1300 1985 dicione
1317 1930 1440 1987 sulcum-

382 2015 441 2102 ‘que
466 2028 568 2085 amodo
589 2026 678 2088 wadia
699 2025 809 2082 dederit
829 2034 856 2082 et
880 2026 1045 2103 fidejussore
1066 2026 1192 2099 posuerit
1211 2029 1350 2100 presentia
1371 2028 1440 2083 duo-

384 2143 447 2183 rum
466 2125 510 2183 vel
532 2125 616 2182 trium
638 2124 749 2180 testium
770 2139 890 2196 qnorum
913 2125 982 2180 fides
1003 2124 1148 2194 amittitur,
1171 2124 1200 2180 in
1223 2126 1353 2182 omnibns
1373 2142 1440 2182 eon-

384 2227 461 2299 plere
482 2225 599 2289 debeal;
629 2231 657 2278 et
676 2223 699 2279 si
720 2221 876 2292 distulerit,
907 2229 936 2279 et
955 2222 1117 2296 pIgneratus
1139 2223 1223 2279 luerit
1242 2223 1271 2302 In
1293 2223 1335 2280 his
1356 2224 1439 2280 rebus

385 2325 413 2381 in'
435 2323 539 2396 quibus
559 2323 673 2379 lenitum
694 2329 734 2377 est
756 2322 939 2394 pignerandi,
976 2323 1053 2380 nulla
1081 2321 1218 2378 calomnia
1239 2321 1289 2394 qui
1310 2322 1440 2393 pignere-

384 2422 455 2488 verit
484 2421 611 2494 patiatur.
655 2420 724 2478 Nam
752 2420 802 2492 qui
833 2420 893 2476 sine
926 2420 977 2476 hac
1006 2420 1265 2477 manetestationem
1292 2417 1439 2492 pignerare

384 2518 595 2594 presumpserit,
616 2517 745 2590 juvemus
766 2524 797 2571 ut
813 2518 930 2574 dublum
946 2521 1063 2590 pignum
1083 2518 1216 2576 restituat.
1240 2517 1269 2573 st
1287 2533 1352 2574 raro
1368 2518 1442 2574 inter

384 2617 552 2685 creditorem
573 2621 601 2670 et
615 2614 766 2670 devitorem
788 2622 816 2670 at
827 2615 1018 2687 fidejussorem
1039 2625 1098 2672 orta
1118 2616 1202 2675 tuerit
1218 2615 1348 2684 Intentio,
1371 2631 1442 2688 qua-

385 2714 496 2773 literis
519 2713 657 2770 anteriore
678 2713 778 2769 Edicto
799 2713 902 2784 legitur
922 2721 950 2770 et
969 2731 985 2770 a
1006 2714 1144 2785 gloriosae
1165 2713 1442 2771 memoriaelIorus-

384 2829 458 2870 nunu
480 2825 546 2883 rege
566 2810 728 2878 instituere,
759 2827 810 2883 per
829 2820 1033 2868 sacramentum
1053 2811 1293 2878 determinentur3
1326 2829 1389 2870 nam
1414 2813 1441 2870 si

384 2910 413 2966 iu
435 2908 575 2982 presentia
590 2910 776 2976 duorumvel
793 2909 876 2964 trium
891 2909 1002 2966 testium
1018 2909 1159 2983 stipulatio
1180 2911 1238 2982 ipsa
1256 2910 1326 2968 lacta
1343 2909 1438 2981 inserit,

385 3023 483 3066 eorum
503 3005 711 3075 testimonium,
736 3012 767 3062 nt
786 3014 990 3064 sacramentum
1011 3007 1084 3064 inter
1105 3007 1202 3064 dantes
1222 3015 1251 3064 et
1270 3009 1441 3082 accipientes

384 3107 505 3164 menime
526 3105 687 3179 proveniat,
710 3105 849 3163 credatur.
893 3106 929 3161 Et
956 3105 980 3162 si
1001 3105 1157 3163 debuerent
1176 3106 1229 3179 ipsi
1251 3113 1334 3163 testes
1354 3123 1441 3164 snum

384 3203 573 3262 testimonium
595 3204 716 3274 firmare,
739 3203 832 3269 nobis,
854 3204 896 3261 vel
918 3204 968 3276 qui
989 3203 1018 3260 in
1039 3209 1164 3276 tempore
1191 3203 1321 3277 prIneeps
1341 3204 1438 3275 fuerit,

382 3303 425 3359 rel
449 3301 538 3376 judici
568 3303 679 3359 firmare
706 3301 832 3359 deveant.
874 3302 910 3358 Et
940 3302 962 3358 si
985 3302 1114 3358 ‘hominis
1144 3303 1217 3358 inter
1247 3319 1304 3359 non
1325 3303 1444 3359 luerent

384 3402 498 3474 quando
527 3399 682 3471 mediatur,
719 3399 891 3473 quicumque
920 3400 999 3472 quasi
1028 3399 1220 3473 fidejussorem
1251 3400 1443 3473 pigneraverit

383 3504 525 3575 conponat
545 3498 617 3554 sicul
637 3514 720 3571 supra
740 3498 850 3568 legitur.
955 3523 958 3529 ·

463 3595 525 3673 (tt.)
546 3598 607 3657 16.
629 3595 660 3653 Si
680 3595 744 3669 quis
765 3593 931 3652 mutuaverit
950 3593 1056 3650 solidos
1073 3594 1242 3667 cuicumque
1258 3595 1366 3652 homini
1386 3612 1443 3669 per

384 3693 531 3763 cautione,
555 3695 578 3750 si
599 3696 671 3751 intra
693 3694 820 3767 quinque
841 3707 931 3750 annos
951 3691 1073 3748 creditor
1093 3693 1257 3765 pulsaverit,
1280 3698 1310 3749 st
1330 3693 1443 3751 devitor

384 3807 441 3848 non
462 3790 591 3849 habuerit
612 3792 688 3848 unde
708 3793 825 3861 soluere,
849 3797 998 3847 renovetur
1013 3789 1105 3847 enutio
1120 3790 1180 3863 ipsa
1198 3806 1286 3864 nsque
1301 3793 1442 3850 adaunos

383 3889 500 3955 decenn
523 3895 551 3945 et
571 3888 594 3945 si
614 3889 686 3946 iutra
698 3889 795 3945 desem
815 3901 905 3944 annos
918 3889 1044 3961 pulsatus
1061 3889 1154 3955 luerit,
1178 3895 1206 3945 st
1225 3905 1283 3946 non
1300 3890 1439 3962 redderit,

383 3994 413 4043 et
421 3987 577 4045 dilataverit
590 4002 679 4060 usque
689 3986 724 4043 ad
733 4002 877 4055 xxannos,
889 3994 916 4042 et
925 3986 1009 4042 tuerit
1017 3987 1142 4059 pulsatus
1152 3993 1201 4043 aut
1210 4003 1260 4060 per
1268 3988 1439 4062 prinoipem,

383 4091 430 4141 aul
444 4100 494 4157 per
505 4084 629 4157 judicem
640 4083 766 4150 civitatis,
785 4092 813 4140 et
821 4091 965 4157 provatum
977 4083 1069 4153 suerit,
1087 4083 1147 4157 ipsa
1157 4085 1314 4144 cautionem
1328 4086 1444 4143 devitor

296 4219 298 4224 ,
384 4189 411 4240 et
425 4181 538 4239 heredis
557 4181 617 4254 ejus
638 4183 805 4254 persolvant.
827 4181 896 4240 Nam
917 4181 939 4238 si
962 4198 1013 4238 nee
1028 4181 1121 4239 cautio
1144 4182 1226 4240 luerit
1245 4183 1326 4242 intra·
1339 4186 1441 4242 desem

383 4295 472 4338 annos
493 4279 543 4336 bes
563 4286 710 4350 renovata,
742 4294 834 4351 neque
856 4278 1010 4352 priocipem
1030 4281 1074 4335 vet
1099 4280 1223 4352 judicem
1244 4289 1356 4340 ostensa
1375 4283 1439 4340 sibe

382 4377 562 4436 munetestata
583 4393 673 4452 usque
693 4377 729 4434 ad
749 4393 786 4433 xx
805 4394 904 4450 anuos,
924 4379 1053 4452 juvemus
1075 4386 1105 4435 nt
1125 4379 1249 4436 creditor
1267 4381 1439 4453 posmodum

384 4481 485 4546 teneat,
509 4482 536 4532 et
557 4477 662 4532 nullam
684 4475 784 4532 habent
803 4473 932 4534 ineundis
951 4473 1123 4534 devitoribus
1144 4476 1201 4536 suis
1215 4476 1437 4551 rennuendum
