3172 5228
383 541 427 607 tt
590 559 795 606 aaruowsaor
817 558 909 604 naurs
932 551 1081 606 arorstrnn¹
1093 558 1160 607 car.
1176 553 1190 598 a
1204 573 1228 587 a
1241 554 1263 598 a.

382 711 507 778 vedetur,
529 718 560 768 ut
580 727 631 785 pro
650 709 698 767 tali
719 725 801 768 causa
818 707 1044 767 exhereditentur
1064 707 1114 766 tilii
1135 709 1172 766 ab
1188 707 1372 766 hereditatem
1392 723 1440 781 pa·

383 811 431 867 tria
452 810 506 879 sui,
529 826 580 882 pro
601 825 636 865 eo
656 806 733 880 quod
754 813 833 880 pater
847 821 945 862 eorum
966 806 995 862 in
1016 823 1087 863 senu
1107 806 1150 864 ari
1167 813 1292 863 mortuos
1312 811 1369 870 est;
1391 805 1440 862 sed

382 925 416 966 ex
438 907 579 976 omuibus,
603 913 633 963 ut
652 921 746 978 snpra,
769 905 915 978 aequalem
928 921 992 961 cum
1010 905 1115 977 patruis
1129 905 1185 961 suis
1200 904 1230 961 in
1245 907 1339 962 locum
1356 902 1441 976 patris

384 1014 447 1081 post
468 1012 585 1064 mortem
606 1003 648 1061 ari
671 1003 827 1076 percipiant
847 1004 1019 1074 portionem.
1061 1003 1196 1060 Similiter
1221 1008 1250 1058 et
1274 1001 1297 1059 si
1325 999 1441 1072 legitimi

383 1121 440 1160 non
457 1104 575 1172 luerent,
599 1108 627 1158 et
641 1099 780 1158 naturales
795 1101 923 1156 inventus
941 1101 1024 1157 luerit
1035 1117 1121 1157 unum
1133 1101 1294 1174 autplures,
1317 1099 1440 1156 habeant

381 1203 473 1274 legem
493 1217 582 1266 suam,
606 1200 635 1256 id
656 1205 698 1256 est
718 1199 826 1256 tertiam
849 1205 955 1269 partem
976 1215 1010 1254 ex
1032 1198 1173 1255 omnibus.

462 1301 501 1357 o.
524 1296 576 1372 (De
596 1299 725 1355 osorthon
745 1298 934 1370 dimittendis.)
967 1296 996 1352 Si
1018 1295 1081 1369 quis
1102 1311 1217 1352 uxorem
1238 1310 1316 1352 suam
1337 1293 1441 1366 absque

387 1399 499 1471 culpam
519 1397 672 1468 legitimam
694 1393 890 1467 posposuerit,
920 1400 946 1450 et
966 1393 1020 1451 alia
1046 1395 1075 1451 in
1098 1395 1183 1451 domo
1205 1391 1439 1466 superinduxerit,

383 1502 526 1568 conponat
546 1494 651 1551 solidos
676 1490 866 1565 quingentos,
896 1491 1090 1548 mediaetatem
1119 1491 1194 1562 regi,
1218 1496 1246 1548 et
1265 1490 1441 1548 medietatem

383 1593 544 1666 parentibus
565 1590 708 1654 mulieris;
729 1590 846 1646 mundio
865 1605 931 1646 vero
949 1589 1008 1662 ejus
1019 1589 1158 1658 mulieris,
1179 1606 1262 1662 quam
1275 1587 1439 1662 postposuit,

382 1690 496 1748 amittat.
538 1689 617 1746 Etsi
639 1688 762 1745 uoluerit
781 1688 817 1745 ad
838 1687 968 1744 maritum
989 1665 1070 1744 suum
1091 1688 1210 1757 reverti,
1235 1691 1387 1744 revertatur
1406 1685 1440 1742 ad

382 1794 511 1860 parentes
542 1801 606 1862 snos
631 1802 695 1843 cum
716 1787 800 1842 rebus
826 1786 901 1851 suis,
936 1793 964 1843 et
983 1785 1130 1843 mundium
1153 1784 1221 1860 [ejus
1246 1784 1282 1842 sit
1306 1784 1335 1841 in
1365 1789 1443 1855 pote·

381 1891 480 1942 statem
500 1884 570 1954 regi,
594 1885 669 1957 quod
689 1883 730 1941 illi
752 1882 886 1955 placuerit
908 1883 961 1940 hoc
984 1883 1091 1953 laciatJ.

462 1984 496 2039 1.
517 1979 570 2056 (De
589 1984 690 2038 ortam
711 1977 828 2054 odoris.)
857 1979 887 2038 si
909 1981 971 2053 quis
993 1997 1107 2038 oaorem
1127 1995 1205 2038 suam
1226 1977 1444 2037 incriminaverit

383 2087 443 2138 esto
464 2080 524 2137 sine
541 2096 621 2136 causa
640 2079 798 2150 legetimam
819 2077 898 2151 quasi
916 2079 1101 2145 adulterassit,
1124 2084 1170 2137 aut
1190 2079 1220 2135 in
1240 2078 1333 2135 anima
1353 2075 1444 2134 mariti

382 2177 426 2237 sni
447 2177 601 2247 tractsesit,
633 2178 722 2234 leceat
749 2177 788 2233 illi
809 2174 919 2233 mulieri
947 2191 998 2250 per
1022 2183 1196 2248 sagramenta
1223 2181 1370 2250 parentum
1394 2177 1443 2231 'aut

382 2292 435 2350 per
454 2293 576 2350 pugnam
598 2291 627 2332 se
649 2275 794 2334 mundare.
831 2273 911 2331 Etsi
937 2275 1085 2348 purificata
1112 2273 1211 2344 luerit,
1243 2282 1310 2331 tunc
1329 2273 1443 2330 martura

383 2374 442 2448 ejus
462 2382 574 2447 preveat
594 2380 802 2444 sagramentum
821 2373 1062 2446 comparentibus
1082 2371 1140 2430 suis
1153 2372 1290 2444 legetimis
1310 2371 1445 2428 sibiduo·

383 2472 527 2542 decimus,
557 2471 624 2544 quia
650 2486 708 2526 non
729 2477 789 2526 asto
810 2469 904 2526 animo
927 2487 979 2528 nec
999 2471 1098 2527 dolose
1125 2469 1152 2527 ei
1173 2469 1281 2527 crimen
1299 2468 1396 2542 injecit
1414 2475 1445 2524 ut

383 2587 444 2628 eam
466 2569 572 2627 doverit
592 2567 749 2636 dimittere,
773 2567 826 2625 nisi
847 2584 899 2641 per
919 2575 1022 2626 certam
1043 2567 1251 2642 suspectionem
1271 2575 1299 2626 et
1319 2567 1445 2626 auditum

382 2667 519 2724 habuissit
539 2666 607 2723 haec
628 2665 738 2731 verbat‘
762 2672 792 2721 et
821 2664 935 2722 si-haec
956 2665 1070 2732 lecerit,
1102 2665 1139 2723 sit
1167 2666 1295 2724 exolutus
1316 2684 1331 2722 a
1352 2666 1443 2738 culpa.

383 2765 420 2822 m
437 2764 461 2820 si
482 2781 539 2821 nou
567 2762 649 2820 luerit
669 2779 751 2820 ausus
769 2763 874 2836 jurare,
897 2772 1039 2837 conponat
1058 2764 1199 2835 widrigild
1219 2763 1305 2838 ipsius
1318 2763 1445 2822 mulieris

383 2869 523 2935 umquam
544 2861 567 2919 si
588 2860 701 2919 tratrem
721 2862 781 2934 ejus
801 2862 962 2930 occidissit,
990 2863 1169 2922 medietatem
1189 2863 1267 2935 regi,
1290 2868 1319 2919 et
1339 2861 1445 2919 medie·

383 2966 466 3017 tutem
487 2960 649 3032 parentibus
669 2959 805 3020 mulieris.
825 3001 828 3008 .

370 3129 372 3134 ,
463 3059 500 3118 8.
542 3057 571 3115 Si
594 3057 694 3115 mulier
714 3065 762 3114 aut
782 3059 876 3132 puella
897 3064 994 3116 notum
1016 3057 1145 3116 habuerit
1165 3073 1372 3131 quemcumque
1394 3057 1444 3113 lsa-

383 3157 449 3214 bere
471 3173 603 3227 uxorem,
635 3163 665 3212 et
684 3172 768 3230 snper
793 3156 884 3229 ipsam
905 3155 1063 3222 introierit,
1094 3163 1123 3213 et
1143 3156 1236 3214 tulerit
1265 3155 1291 3212 ei
1314 3153 1444 3212 maritum

385 3271 443 3310 non
464 3271 563 3312 snum:
582 3254 714 3326 jubemus
735 3261 766 3310 ut
787 3271 885 3313 omnes
905 3271 949 3310 res
969 3270 1033 3310 suas
1050 3253 1152 3328 ‚perdat
1171 3253 1232 3326 ipsa
1250 3253 1368 3322 mulier,
1395 3252 1445 3325 qni

383 3351 498 3408 sciendo
519 3352 634 3409 alterius
653 3352 754 3409 marito
775 3352 946 3410 uoluntariae
967 3352 1127 3422 consensit,
1161 3359 1189 3409 et
1208 3351 1387 3408 medietatem
1407 3349 1446 3406 de

385 3450 467 3508 rebus
487 3449 548 3522 ejus
568 3450 685 3523 accipiat
706 3450 790 3507 curtis
815 3450 910 3520 regia,
942 3457 969 3507 et
996 3451 1174 3508 medietatem
1205 3449 1385 3522 parentibnsa
1415 3453 1447 3504 et

384 3545 460 3604 illam
480 3547 604 3620 priorem
624 3548 771 3606 mulierem
785 3547 909 3621 ¹recipiat
929 3548 1044 3604 maritos
1065 3564 1129 3605 suos
1138 3587 1150 3612 ,1
1177 3554 1207 3603 et
1232 3547 1305 3603 colat
1331 3561 1393 3603 eam
1414 3551 1447 3602 ut

385 3644 459 3701 decit
479 3662 596 3702 uxorem
616 3645 787 3718 legetimam.
831 3647 883 3702 llla
904 3651 996 3703 autem
1016 3645 1113 3704 vitium
1135 3662 1215 3704 suum
1241 3644 1344 3718 reputit
1371 3657 1447 3716 quae

383 3759 467 3816 super
487 3743 607 3802 alienam
629 3760 746 3800 uxorem
767 3742 884 3801 introire
905 3745 1089 3816 presumpsit,
1113 3750 1141 3802 et
1161 3743 1231 3802 nihil
1253 3743 1279 3802 ei
1299 3758 1447 3815 conpona-

384 3849 439 3911 tur,
462 3851 490 3899 et
509 3841 584 3900 laida
605 3858 662 3898 non
685 3841 851 3914 requiratur.

465 3942 504 3998 9.
545 3939 575 3996 Si
596 3938 696 3997 ancilla
715 3940 817 3996 lurtum
833 3938 938 4008 lecerit,
962 3947 1104 4012 conponat
1118 3939 1249 3999 domiuus
1262 3940 1322 4013 ejus
1340 3939 1448 3997 lurtum

383 4038 475 4112 ipsum
495 4037 548 4095 sibi
570 4054 676 4095 nonum
694 4042 822 4102 tantnm3
845 4054 910 4095 nam
928 4038 1118 4110 quadragenta
1135 4037 1229 4104 solidi,
1251 4038 1326 4095 unde
1343 4039 1372 4096 in
1388 4038 1448 4096 hoc

382 4135 513 4193 Edictum
533 4135 634 4208 legitur
654 4153 705 4210 pro
726 4137 819 4208 culpa,
843 4132 920 4209 quod
941 4142 983 4192 est
999 4135 1112 4208 iogaog,
1137 4152 1194 4193 non
1213 4136 1373 4210 requiratur
1394 4152 1447 4194 ne·

382 4251 437 4308 que
458 4241 591 4306 cxogatur
610 4253 626 4293 a
648 4234 766 4292 domino
787 4233 917 4291 ancillae.

747 4363 907 4418 aurarum
925 4353 1081 4418 norcuuu

660 4470 984 4552 tltlntwtlnl
1010 4471 1163 4554 tutis,
