3172 5228
483 584 620 629 uorcruu
643 583 709 633 car.
724 581 751 624 ra
765 603 791 612 -
803 581 837 623 er.
1142 567 1182 628 71
1275 626 1279 634 ,

136 734 255 806 quodsi
277 735 458 808 quiscumque
480 733 609 790 secularis
630 740 773 806 parentem
800 739 921 791 nostram
951 735 1118 792 saecularem
1145 733 1187 792 di·

69 867 75 872 -
136 839 249 902 sponsat
265 849 327 887 cum
343 834 403 888 solo
426 833 519 896 anolo,
544 848 604 888 eam
623 832 748 888 subarrat
766 837 794 887 et
808 847 884 888 suam
905 830 978 900 lacit,
1002 839 1029 887 et
1049 832 1071 887 si
1092 839 1188 904 postea

58 951 61 962 ¹
137 929 205 984 alter
226 946 287 984 cam
309 947 421 986 exorem
443 930 529 998 ducit,
553 931 701 1001 culpaviles
723 930 861 986 invenitur
881 929 984 989 solidos
1005 945 1059 985 oc:
1083 936 1187 1002 quantu

136 1026 224 1094 magis
241 1027 316 1082 derit
334 1044 414 1082 causa
427 1027 477 1082 Dei
499 1035 525 1082 el
544 1034 654 1082 sanctae
666 1027 811 1084 Manlau
822 1026 963 1098 anplerior
984 1043 1054 1094 esse,
1076 1033 1106 1082 ut
1115 1044 1186 1099 quae

136 1123 227 1196 ipsum
257 1126 379 1180 velamen
402 1125 443 1178 vel
466 1124 559 1181 habitu
588 1124 616 1179 in
642 1141 671 1180 se
699 1125 871 1196 suscipiunt,
899 1124 928 1180 in
950 1125 1049 1180 eodem
1071 1125 1189 1180 deveant

106 1231 108 1238 ‘
137 1222 333 1293 perseverare?
365 1221 393 1276 Si
416 1238 470 1292 qua
494 1239 557 1278 vero
580 1223 679 1278 lemine
702 1230 798 1283 contra
819 1223 909 1290 hanc,
934 1224 1008 1294 quod
1032 1228 1123 1278 nostra
1144 1221 1186 1277 in·

137 1318 224 1375 stituit
247 1320 432 1388 excellentia,
462 1320 582 1388 aegerit,
613 1327 660 1375 aut
680 1321 808 1376 maritum
829 1336 857 1375 se
879 1321 1067 1391 copulaverit,
1091 1321 1189 1392 perdat

137 1432 249 1473 omnem
269 1417 449 1473 substantiam
469 1433 564 1481 suam,
595 1423 623 1472 et
643 1417 771 1473 deveniat
791 1417 850 1488 ipsa
876 1418 1025 1474 substantia
1046 1419 1080 1473 ad
1112 1424 1188 1489 pote·

137 1521 233 1570 statem
254 1513 364 1586 palatii;
398 1515 432 1570 de
459 1529 577 1584 persona
605 1521 695 1570 autem
717 1514 839 1586 ejusdem
868 1515 985 1582 lemine,
1004 1508 1085 1587 'quae
1107 1516 1188 1570 talem

67 1601 71 1608 ’
138 1613 240 1667 malum
255 1611 405 1681 comiserit,
425 1612 532 1684 judecit
553 1629 600 1668 rer
621 1613 668 1685 qui
690 1629 740 1684 pro
764 1620 889 1683 tempore
911 1613 991 1668 luerit
1011 1597 1129 1684 qualiter
1147 1611 1188 1669 illi

137 1709 282 1781 placuerit,
307 1716 353 1764 aut
374 1709 401 1765 in
416 1710 584 1765 monasterio
596 1711 742 1779 mittendo,
756 1719 802 1765 aut
811 1710 929 1782 qualiter
939 1710 1090 1768 secundum
1101 1711 1189 1766 Deum

136 1807 234 1863 melius
261 1807 424 1878 providerit:
458 1807 540 1862 simili
559 1808 646 1868 modo
675 1814 703 1863 et
733 1809 768 1863 de
789 1807 861 1864 rictu
884 1809 926 1863 vel
948 1807 1109 1878 uestimento
1131 1806 1189 1878 ejus

137 1904 195 1975 ipse
217 1903 347 1976 princeps
367 1905 477 1959 ordinet
497 1904 614 1976 qualiter
642 1904 668 1960 ei
700 1905 843 1976 placuerit.
887 1904 917 1960 Si
939 1911 1030 1963 autem
1060 1903 1123 1968 ille,
1159 1903 1188 1960 in
1233 1886 1236 1892 ¹

137 2001 213 2072 cujus
234 2001 349 2057 mundio
371 2002 431 2058 telis
453 2001 554 2056 lemina
576 2008 633 2070 est,
655 2002 831 2058 consentiens
852 2002 935 2058 luerit
954 2002 983 2057 iu
1004 1985 1189 2073 suprascripto

136 2099 229 2167 malo,
252 2106 278 2152 et
300 2106 441 2168 provatum
464 2098 563 2167 luerit,
586 2103 728 2171 conponat
749 2099 886 2168 widrigild
907 2117 1002 2163 suum,
1026 2104 1054 2154 et
1073 2099 1120 2154 ille
1141 2097 1189 2171 qui

138 2213 199 2252 eam
229 2197 325 2250 tollere
356 2195 571 2267 presumpserit,
605 2203 746 2269 conponat
775 2197 803 2251 iu
835 2197 936 2270 palatio
958 2197 1062 2252 solidos
1084 2213 1137 2261 oc;
1165 2195 1190 2252 si
1288 2238 1291 2246 .

137 2301 229 2349 autem
246 2293 397 2349 mundoald
418 2292 446 2347 in
464 2293 524 2364 ipso
546 2294 619 2348 malo
634 2293 812 2350 consentiens
829 2311 884 2350 non
899 2293 990 2360 luerit,
1013 2294 1189 2350 medietatem

137 2393 172 2446 de
193 2391 259 2463 ipsis
280 2408 316 2446 oc
337 2390 433 2446 solidis
454 2389 571 2462 accipiat
590 2389 664 2462 ipse,
688 2399 716 2446 et
736 2391 913 2448 medietatem
934 2408 990 2449 rex.
1022 2391 1077 2460 Qui
1097 2399 1189 2447 autem

137 2491 220 2545 talem
251 2489 382 2545 laminam
404 2489 544 2560 rapuerit,
575 2495 716 2560 conponat
743 2491 847 2545 solidos
875 2489 966 2554 mille,
1004 2497 1034 2544 ut
1061 2489 1190 2560 precedat

138 2604 218 2643 causa
241 2587 290 2642 Dei
312 2589 408 2644 solidis
431 2606 462 2652 o;
486 2587 618 2660 quoniam
640 2589 674 2644 de
696 2597 789 2661 raptus
810 2589 940 2645 secularis
962 2587 1063 2643 lemine
1084 2585 1190 2658 corrpo'-

137 2683 200 2740 sitio
215 2679 302 2740 ooecc
319 2685 471 2741 solidorum
488 2686 515 2740 in
534 2686 632 2741 Edicto
644 2686 783 2756 leguntur.
808 2687 869 2759 lpsa
886 2702 949 2740 vero
968 2702 1039 2757 quae
1052 2701 1107 2740 non
1121 2700 1188 2739 con·

137 2783 284 2838 servaverit
294 2801 325 2858 ea
337 2800 408 2855 quae
419 2783 544 2854 superius
556 2783 665 2851 legitur,
684 2789 711 2838 et
720 2783 793 2839 malo
806 2782 991 2855 suprascripto
1003 2781 1186 2848 consenserit,

139 2896 229 2952 poene
251 2880 451 2952 suprascriptae
473 2871 623 2951 subjaceat.
1142 2873 1145 2876 ’

219 2975 280 3050 (Π).
304 2980 361 3034 el.
384 2978 412 3032 Si
435 2977 497 3050 quis
518 2975 639 3048 rapuerit
655 2978 885 3048 qualemcumque
901 2975 1003 3032 semina
1024 2976 1112 3031 libera
1132 2991 1191 3030 sae-

137 3076 278 3143 cularem,
313 3074 385 3130 unde
413 3075 441 3129 in
463 3073 600 3130 anteriore
621 3073 719 3130 Edicto
742 3073 841 3141 legitur
860 3072 1016 3144 conpositio
1038 3071 1189 3128 solidorum

137 3187 239 3240 occec,
262 3171 298 3226 ita
319 3174 455 3240 volumus,
479 3179 508 3226 ut
529 3172 563 3227 de
584 3170 639 3226 illis
660 3169 849 3241 quadrigentis
865 3169 1072 3241 quinquagenta
1094 3169 1190 3226 solidis

138 3270 186 3342 qui
209 3276 374 3340 perteneunt
394 3271 428 3324 ad
450 3277 578 3340 parentes
605 3268 646 3322 vel
673 3267 844 3336 mundoald,
878 3275 907 3323 ut
928 3267 1045 3339 accipiat
1071 3285 1104 3324 ex
1123 3267 1190 3338 ipsis

137 3367 235 3422 solidis
256 3368 408 3422 mundoald
427 3366 475 3438 qui
498 3366 579 3421 luerit
598 3382 649 3437 pro
671 3363 766 3434 fatigio
787 3381 837 3420 suo
859 3372 887 3420 et
907 3365 1052 3421 exactione
1074 3367 1109 3421 de
1130 3365 1189 3437 ipsa

139 3481 230 3536 poena
252 3465 356 3519 solidos
377 3481 493 3519 numero
516 3480 567 3525 εις
591 3463 713 3534 reliquos
733 3479 798 3518 vero
820 3479 871 3520 ecc
888 3463 989 3520 habeat
1007 3463 1188 3535 ipsalemina,

138 3561 182 3617 cui
205 3561 273 3616 tales
295 3561 393 3632 injuria
415 3567 462 3617 aut
483 3561 616 3617 detractio
645 3561 714 3616 lacta
743 3568 791 3618 est.
835 3561 864 3616 Si
892 3567 982 3617 autem
1013 3567 1119 3633 petrem
1145 3566 1191 3616 aut

139 3659 251 3716 tratrem
272 3659 329 3730 ipsa
351 3660 452 3716 semina
474 3658 610 3727 habuerit,
634 3665 661 3714 et
681 3658 709 3712 in
732 3673 828 3714 eorum
846 3659 990 3715 mundium
1012 3657 1102 3726 luerit,
1123 3664 1190 3713 tunc

140 3764 218 3829 pater
233 3763 279 3812 aut
296 3757 379 3812 l'ratcr
398 3758 432 3812 de
451 3758 539 3828 ipsam
558 3755 791 3828 conpositionem,
816 3756 892 3827 quod
907 3763 971 3809 sunt
989 3754 1071 3810 solidi
1091 3769 1187 3823 ccccc,

139 3854 242 3912 iaciant
274 3873 337 3910 cum
366 3856 421 3912 lilia
449 3863 495 3910 aul
515 3871 611 3910 sorore
641 3871 689 3910 sua
710 3853 828 3925 qualiter
845 3853 1001 3916 ‹voluerint3
1035 3867 1097 3906 nam
1122 3852 1191 3906 aller

139 3954 292 4010 mundoald
318 3959 365 4009 aut
385 3961 512 4024 parentes
533 3951 572 4008 sic
592 3951 716 4008 dividant
735 3951 824 4022 ipsam
851 3949 1092 4022 conpositionem,
1121 3947 1191 4004 sicut

77 4030 79 4036 ’
139 4067 221 4123 supra
242 4050 393 4107 statuimus.

219 4146 299 4221 (lli.)
321 4150 382 4204 ὃὸ.
411 4149 451 4202 De
473 4147 514 4202 lris
535 4145 582 4219 qui
603 4146 638 4201 de
658 4143 765 4200 inlicito
787 4142 964 4199 matrimonio
987 4141 1043 4199 nati
1063 4143 1190 4218 sunt'vel

142 4254 301 4314 nascuntur,
324 4245 353 4299 id
374 4251 415 4300 est
436 4245 469 4299 dc
490 4244 636 4312 matrinia,
665 4242 797 4306 filiastra,
828 4241 871 4296 vel
893 4249 1026 4312 cognata,
1049 4240 1124 4314 quod
1149 4247 1191 4296 cst

141 4349 211 4402 uxor‘
232 4344 323 4400 fratris
345 4350 392 4398 aut
421 4357 499 4398 soror
519 4339 627 4405 uxoris3
655 4338 722 4412 quia
750 4346 777 4396 et
805 4356 926 4396 canones
955 4339 995 4396 sic
1024 4339 1127 4396 habent
1155 4339 1189 4395 de

142 4443 248 4500 duabus
268 4440 410 4498 sororibus
430 4440 500 4496 sicut
519 4448 546 4495 et
567 4439 601 4494 de
622 4439 731 4494 duobus
752 4439 899 4495 fratribus:
928 4437 976 4510 qui
1004 4438 1038 4494 de
1059 4440 1112 4494 tale
1132 4453 1190 4493 ma·

143 4541 274 4598 trimonio
295 4547 375 4596 natus
399 4536 480 4592 luent
500 4538 614 4594 heredes
634 4537 774 4608 legitimus
795 4537 934 4610 patri¹suo
965 4553 1021 4592 uon
1051 4534 1102 4604 sil,
1136 4533 1188 4592 nisi
