3172 5228
473 515 613 564 euterun
636 517 701 566 cm.
727 512 807 558 ate-
822 513 869 559 nr.
1168 499 1210 572 to

232 671 314 726 14⁸.
336 666 388 742 (De
408 685 438 724 eo
457 670 506 740 qni
523 676 583 740 post
604 675 711 742 eccepto
731 669 912 740 conpositione
931 686 959 726 se
975 666 1209 744 revindipnuerit.)

153 766 183 823 Si
205 768 289 823 homo
311 765 419 823 occisus
441 765 522 823 tuerit
541 767 613 825 tiber
634 773 681 824 eut
701 782 810 833 servus,
840 754 874 822 οι
893 783 945 840 pro
972 765 1125 825 humicidio
1149 766 1211 840 ipso

152 865 310 936 conpositio
332 865 402 920 iacta
424 864 517 934 suerit,
541 873 568 920 et
588 880 639 937 pro
660 864 858 937 empotendam
874 863 1019 932 inimicitia
1038 873 1211 936 sagramento

151 961 284 1034 prestita,
316 969 345 1018 et
364 968 459 1036 postes
491 961 647 1033 contegerit
675 967 705 1018 ut
725 959 773 1018 ine
794 961 842 1036 qui
863 962 1086 1035 conpositionem
1106 963 1212 1036 accepit

152 1058 347 1130 cecindigendi
373 1074 482 1114 causam
504 1057 638 1114 occiderit
658 1057 802 1114 hominem
824 1058 859 1114 de
880 1066 987 1132 pectem
1008 1075 1062 1132 que
1083 1059 1213 1133 conposi-

84 1201 87 1209 .
153 1155 259 1213 tionem
275 1155 398 1228 accepit:
413 1155 543 1228 jubemus
560 1161 589 1210 ut
606 1155 635 1212 in
649 1154 766 1212 dublum
777 1154 875 1212 reddat
888 1156 975 1230 ipsam
988 1157 1212 1230 conpositionem

150 1254 252 1311 iterum
273 1253 435 1326 perentibus
464 1258 511 1310 eut
532 1253 645 1309 domino
666 1252 746 1312 servi.
789 1252 880 1311 Simili
901 1252 986 1310 modo
1014 1254 1096 1312 etde
1117 1256 1211 1328 plagas

151 1362 199 1411 eut
219 1351 330 1419 teritus,
363 1350 412 1424 qui
439 1357 503 1424 post
522 1358 634 1423 eccepta
656 1350 880 1424 conpositionem
907 1369 936 1409 se
962 1351 1103 1411 vindicare
1124 1358 1212 1410 tente-

151 1450 231 1516 vsrit,
256 1450 284 1506 in
306 1449 421 1506 dublum
442 1449 518 1521 quod
539 1449 645 1521 accepit
667 1449 800 1517 restituet,
824 1457 940 1524 excepto
958 1449 980 1506 si
1002 1449 1143 1508 hominem
1165 1468 1212 1508 oc·

150 1547 249 1606 ciderit
269 1552 446 1619 conponatur
466 1553 495 1601 ut
515 1561 606 1620 snpra.
1212 1560 1214 1564 ’

153 1669 159 1681 ’
231 1647 316 1704 144.
339 1643 394 1718 (De
413 1645 557 1716 mopistror
572 1640 743 1718 emnocinos.)
765 1643 795 1700 Si
817 1643 948 1715 megistos
970 1644 1128 1702 comecinus
1148 1662 1210 1704 eum

149 1745 320 1814 cottegantes
341 1757 406 1798 suos
427 1742 624 1814 cujuscumque
646 1741 760 1798 domum
781 1742 989 1802 restaurandam
1010 1743 1053 1798 vei
1071 1742 1211 1816 t'ebrigan-

152 1841 216 1897 dam
237 1857 319 1913 snper
340 1855 390 1904 se,
414 1839 515 1912 placito
536 1837 617 1897 finito
638 1839 673 1894 de
695 1839 838 1904 mercede,
867 1840 1034 1912 susceperit,
1066 1847 1093 1897 et
1114 1849 1211 1898 conte·

151 1939 223 2013 gerit
242 1937 363 2011 aliquem
384 1951 435 2010 per
456 1935 543 2008 ipsam
566 1935 696 2001 domum,
727 1943 773 1994 eut
794 1937 939 1996 matetium
960 1939 1083 2011 eiapsum
1104 1944 1151 1995 ent
1171 1939 1211 1994 ta·

150 2037 255 2111 pidem,
279 2033 379 2094 mori:v
392 2050 449 2090 unu
471 2033 628 2105 requiratur
648 2032 794 2090 edomino
815 2035 892 2108 cnjus
912 2035 1025 2092 domum
1039 2036 1132 2102 tuerit,
1156 2035 1209 2092 nisi

152 2134 283 2204 magister
304 2131 466 2198 comeeinus
487 2147 550 2186 cum
572 2129 747 2188 consortibus
775 2131 830 2187 suis
850 2131 942 2204 ipsum
962 2133 1143 2190 hnmicidium
1163 2140 1211 2190 eut

151 2233 283 2306 damnum
305 2237 462 2304 conponet3
486 2228 550 2302 quia
572 2235 718 2302 postquem
740 2227 770 2284 in
800 2229 891 2286 iabote
912 2230 991 2287 firma
1018 2230 1052 2286 de
1075 2229 1209 2290 mercedis

151 2346 203 2403 pro
224 2346 304 2386 suum
326 2330 436 2398 iogrum
457 2325 582 2400 suscipit,
606 2341 664 2381 nou
686 2325 816 2382 inmerito
838 2325 942 2382 damno
962 2334 1112 2385 susteneat.

232 2426 316 2484 1411.
340 2424 390 2496 (De
402 2432 512 2498 repeton
528 2431 576 2482 oet
592 2426 735 2500 conductos
750 2426 915 2496 mopistros.)
939 2424 968 2480 Si
985 2424 1047 2497 quis
1064 2425 1210 2496 magistros

152 2524 313 2584 comecinos
342 2538 430 2578 unum
458 2527 504 2579 eut
531 2522 624 2595 plures
652 2521 791 2593 rogaverit
816 2529 862 2578 aut
883 2523 1049 2579 conducent
1069 2524 1102 2579 ed
1125 2539 1208 2597 opere

109 2649 110 2654 ¹
152 2620 296 2690 dictandi,
329 2628 376 2676 aut
403 2618 536 2676 soleeium
564 2617 696 2678 diurnum
721 2619 899 2694 prestandum
927 2621 1112 2678 interserens
1133 2635 1207 2690 suos,

151 2721 266 2778 domum
286 2725 333 2776 aut
354 2733 447 2788 casem
467 2717 633 2783 satiendam,
657 2723 685 2773 et
700 2717 857 2789 cotttegerit
878 2734 927 2790 per
948 2718 1035 2790 ipsam
1048 2735 1140 2776 cesam
1160 2715 1210 2776 eli-

152 2835 235 2892 qnem
257 2834 291 2874 ex
312 2817 388 2892 ipsos
410 2814 570 2873 comecinns
590 2814 678 2880 mori,
707 2831 764 2870 non
786 2815 943 2888 requiratur
962 2815 996 2870 eb
1021 2816 1111 2888 ipsum
1132 2815 1209 2890 cnjus

148 2932 215 2996 ‘cesa
237 2923 288 2974 est.
330 2913 401 2971 Nem
421 2912 443 2968 si
465 2910 568 2968 cadens
588 2911 672 2969 eebor
692 2918 739 2968 ent
759 2911 828 2986 lepis
849 2929 883 2968 ex
903 2911 991 2984 ipsam
1007 2913 1141 2988 subrigens
1163 2929 1210 2970 oc·

151 3013 250 3071 ciderit
277 3010 399 3084 atiquem
428 3016 590 3066 extraneum
611 3017 657 3066 aut
677 3010 823 3083 quodlehit
850 3009 983 3066 damnum
1004 3009 1119 3080 iecerit,
1151 3027 1209 3067 uon

152 3118 294 3184 repetetur
315 3111 424 3182 cuipam
445 3106 588 3180 magistri,
621 3107 671 3163 sed
698 3106 746 3163 iiie
774 3106 823 3182 qui
843 3107 977 3164 conduxit
996 3107 1056 3180 ipse
1077 3108 1210 3166 damnum
1240 3145 1242 3150 .

152 3216 300 3270 susteneat.
1006 3207 1007 3216 ’

231 3305 318 3362 teu.
339 3301 395 3378 (De
415 3299 564 3375 incendio.)
606 3299 637 3357 Si
667 3299 729 3372 quis
755 3316 845 3357 cesam
873 3300 992 3357 alienam
1020 3309 1079 3358 esto
1101 3303 1207 3373 enimn,

152 3402 229 3476 quod
251 3410 292 3458 est
312 3401 481 3468 volontarie,
509 3398 685 3468 incenderit,
717 3397 745 3454 in
767 3396 886 3454 trebium
906 3397 1032 3454 restituet
1051 3415 1101 3465 ee,
1133 3401 1209 3473 quod

152 3509 194 3558 est
213 3499 267 3557 sibi
290 3499 412 3566 tertiam,
435 3498 487 3553 sttb
508 3495 717 3554 extimationem
738 3495 836 3568 pretii,
865 3511 927 3552 cum
948 3512 1061 3554 omnem
1080 3497 1211 3555 intrinse-

152 3615 200 3656 cus
221 3594 360 3670 quidquid
382 3595 459 3652 intus
480 3602 617 3652 crematus
637 3594 731 3664 tuerit,
754 3611 815 3669 que
832 3593 913 3650 vieini
935 3595 1010 3652 bone
1030 3595 1096 3652 fidei
1115 3596 1211 3653 home·

153 3696 196 3754 nis
217 3693 464 3768 adpraetiaverent‚
487 3691 625 3751 restaurit.
657 3691 733 3748 Etsi
755 3692 849 3764 etiqne
870 3691 905 3748 de
926 3692 1093 3754 intrinsecus
1113 3692 1210 3750 domui

152 3801 213 3852 oeta
234 3795 317 3850 tuerit
336 3791 471 3862 intentio,
496 3798 563 3846 tunc
583 3790 630 3847 iile
651 3789 700 3862 qui
723 3789 857 3846 damnum
877 3791 992 3863 pertulit
1008 3790 1117 3862 juratus
1138 3791 1212 3846 dicet

153 3899 290 3966 quantum
310 3891 341 3948 in
356 3889 454 3948 eadem
472 3905 533 3946 case
549 3887 688 3961 perdedit,
711 3896 739 3942 et
755 3887 859 3958 omnia,
883 3894 914 3943 ut
925 3888 1091 3957 dictumest,
1108 3887 1138 3944 in
1158 3895 1211 3945 tre·

153 3991 231 4048 bium
253 3989 278 4046 ei
299 3989 460 4058 restituetur
480 3987 514 4044 ab
536 3987 595 4055 ilio,
619 3985 667 4059 qui
683 3984 853 4041 voluntariae
865 3985 948 4058 hujus
968 3984 1032 4043 meli
1048 3987 1210 4058 penetrarit.

233 4090 312 4146 lar.
335 4086 386 4156 (De
404 4088 497 4158 [opem
526 4085 595 4153 [otis
620 4098 715 4139 remon
734 4083 809 4153 pedis
837 4099 856 4138 o
882 4083 1030 4154 inpeterent
1048 4081 1209 4158 portatum.)

154 4187 185 4249 Si
222 4187 285 4260 quis
316 4185 409 4241 iocum
443 4183 510 4240 ioris
542 4197 644 4254 novem,
672 4179 752 4254 pedis
783 4196 799 4247 e
832 4179 953 4234 ioculare
987 4182 1154 4252 portaverit,
1186 4188 1214 4240 et

153 4287 288 4344 damnum
324 4299 358 4338 ex
395 4282 486 4354 ipsum
524 4280 618 4337 iocum
655 4277 709 4336 sibi
746 4283 794 4333 aut
827 4276 941 4334 alterius
978 4276 1080 4334 tectum
1116 4278 1211 4350 tuerit,

155 4384 226 4458 ipse,
250 4380 299 4454 qui
321 4379 454 4453 porterit,
476 4379 611 4436 demnum
632 4381 774 4448 conponat
793 4373 939 4447 terquido,
962 4373 993 4430 id
1012 4382 1054 4432 est
1074 4375 1210 4443 semiiem,

154 4481 220 4562 ideo
241 4479 307 4554 quie
328 4478 429 4536 uolens
448 4475 531 4544 iecit3
554 4483 582 4533 et
601 4474 625 4532 si
645 4473 719 4532 intra
739 4471 815 4548 ipsos
836 4487 935 4529 novem
955 4471 1052 4546 pedis,
1075 4473 1152 4547 quod
1172 4478 1214 4534 est

956 4565 1001 4626 pe
