3170 5218
404 452 447 516 98
784 469 981 514 arumnauur
996 470 1088 514 aunis

403 623 462 696 gild
483 639 572 679 suum.
595 620 624 678 Si
645 636 710 676 roro
731 618 792 675 sine
813 620 985 676 volontatem
1009 620 1094 692 patris
1115 627 1162 677 aul
1181 619 1272 680 damis
1292 637 1354 678 eam
1368 621 1467 677 tollere

403 719 614 796 presumpserit,
639 717 687 791 qni
705 718 763 790 jam
784 717 863 774 alteri
885 724 925 774 est
939 719 1109 790 disponsata,
1133 727 1275 792 conponat
1295 719 1467 792 sponsoejns

293 893 295 900 Α
404 821 508 888 dubhla
528 825 612 887 meta,
635 816 706 873 sicut
726 815 841 872 Edictue
858 816 982 875 anterior
999 817 1136 886 contenit,
1158 824 1187 873 et
1207 817 1237 873 iu
1248 819 1380 891 palatium
1394 817 1467 887 regis

404 924 546 992 conponat
565 913 706 985 widrigild
726 929 824 978 suum3
848 920 1002 985 patervero
1020 921 1067 972 aul
1085 915 1180 982 irater,
1204 915 1252 988 qni
1272 915 1301 972 in
1317 915 1363 972 lali
1385 931 1467 973 causa

405 1033 462 1074 noa
484 1018 698 1076 consenserunt,
721 1012 779 1069 sint
800 1011 893 1068 soloti.
916 1011 1013 1070 Puella
1034 1029 1100 1069 vero
1121 1013 1180 1085 ipsa
1202 1012 1348 1085 quisnam
1371 1014 1467 1070 volon-

404 1120 488 1172 tatem
509 1113 564 1167 hoc
584 1111 675 1168 lacere
697 1101 914 1181 presumpserit,
945 1109 968 1166 si
989 1109 1082 1181 aliqua
1104 1111 1129 1166 ei
1152 1111 1243 1182 portio
1265 1127 1299 1168 ex
1320 1116 1466 1182 parentum

404 1209 609 1268 successionem
631 1207 755 1276 devetur,
778 1206 885 1264 amittat
905 1206 995 1279 ipsam
1014 1207 1173 1278 portionem
1193 1223 1282 1276 soem,
1305 1215 1333 1264 et
1354 1215 1419 1266 nuta
1441 1215 1469 1264 ei

404 1325 488 1366 vacua
510 1305 649 1363 derebus
675 1309 822 1375 parentum
844 1319 957 1362 suerum
979 1304 1077 1374 vadat,
1109 1311 1136 1360 et
1166 1305 1218 1377 ipsi
1244 1306 1394 1364 succedant
1419 1306 1466 1378 qui

404 1421 454 1478 per
474 1405 566 1475 legem
586 1401 734 1461 succedere
755 1407 890 1472 possent3
921 1417 973 1458 nec
994 1402 1080 1473 possit
1101 1402 1126 1458 ei
1148 1409 1227 1474 paler
1246 1410 1294 1458 aut
1314 1404 1398 1460 frater
1418 1419 1469 1475 per

404 1503 527 1576 quolevit
548 1500 663 1573 genium
684 1498 791 1572 aliquid
812 1499 890 1565 dare,
913 1507 961 1562 aot
981 1499 1163 1559 hereditatem
1185 1501 1353 1574 relinquere.
1394 1501 1467 1575 Quia

404 1600 525 1658 excrevit
539 1600 641 1659 vicium
658 1599 711 1656 hoc
731 1597 760 1654 in
780 1604 892 1669 gentem
910 1603 1032 1656 nostram
1054 1614 1105 1670 pro
1122 1599 1302 1670 cupiditatem
1317 1599 1464 1672 pecuniae,

405 1706 433 1759 et
454 1700 518 1756 ideo
539 1715 602 1755 eum
624 1713 751 1768 rescgare
778 1697 922 1764 volumus,
955 1702 985 1758 nt
1005 1694 1174 1754 inimicidias
1205 1703 1314 1756 cessent
1339 1703 1367 1757 el
1394 1696 1467 1754 laida

406 1813 462 1862 nen
485 1798 617 1857 habeant.
661 1795 690 1851 Si
712 1800 825 1862 autem,
849 1794 925 1866 quod
946 1793 1039 1862 absit,
1062 1800 1126 1866 pust
1145 1794 1286 1867 sponsalia
1315 1794 1385 1852 lacta
1406 1796 1467 1852 talis

404 1898 477 1955 inter
498 1894 620 1978 parentis
642 1893 727 1965 ipsios
749 1892 902 1954 excreverit
923 1891 1101 1960 inimicitias,
1125 1893 1336 1966 qualiscumque
1357 1909 1466 1949 causam

406 1993 637 2060 intervenientis,
671 1997 702 2048 ut
723 1989 906 2048 homicidium
934 1990 1134 2062 dessparentem
1165 1989 1290 2062 ipsorum
1311 1991 1465 2063 proveniat,

405 2093 479 2151 unde
490 2090 620 2150 duritiam
635 2089 708 2146 inter
727 2105 757 2144 se
779 2093 913 2146 teneantr
936 2087 958 2144 si
981 2088 1051 2144 darc.
1069 2094 1116 2145 aot
1137 2089 1236 2146 tollere
1252 2089 1380 2162 voluerit,
1400 2106 1467 2146 con·

405 2195 493 2264 portat
520 2205 583 2261 pars
604 2185 652 2259 qui
675 2185 826 2242 neclexerit
854 2185 924 2244 sicut
944 2192 1076 2248 statutum
1097 2186 1171 2244 inter
1198 2185 1417 2254 rehabuerunt,
1440 2195 1468 2244 et

405 2289 461 2346 sint
481 2285 618 2350 absoluta
650 2283 796 2358 quianon
818 2290 859 2340 esi
881 2284 988 2340 bonum
1010 2291 1040 2342 ut
1061 2284 1101 2340 ibi
1123 2283 1261 2356 quispiam
1283 2275 1382 2341 deveat
1401 2285 1467 2342 dare
1565 2339 1566 2350 ,

405 2385 491 2442 liliam
511 2391 558 2440 aut
578 2399 705 2460 sororem
725 2383 768 2438 vel
789 2387 933 2454 parentem
955 2397 1044 2447 suam,
1068 2381 1116 2440 ulai
1137 2399 1200 2442 rere
1222 2381 1397 2466 inimicitiam
1418 2381 1468 2440 liu-
1565 2431 1566 2456 ,

406 2482 511 2540 micidii
533 2497 593 2538 esee
614 2487 755 2552 provatur.
815 2543 816 2546 Ἴ

483 2577 582 2652 (ΗΠ.)
605 2577 692 2638 1²⁰.
715 2577 851 2636 Contenit
862 2585 954 2637 antem
966 2578 1090 2635 anterior
1100 2579 1259 2636 Edictusde
1274 2581 1361 2640 iream
1377 2597 1465 2650 suam,

404 2679 453 2754 qui
471 2685 537 2734 'eam
557 2677 629 2740 male
649 2677 806 2737 tractaverit
825 2683 854 2732 ut
871 2677 978 2737 amittet
993 2677 1139 2737 mundium
1154 2676 1259 2750 ipsissa
1282 2683 1311 2734 et
1327 2695 1383 2734 nen
1402 2678 1469 2736 dicit

405 2775 494 2848 qualis
514 2777 549 2831 sit
569 2775 628 2846 ipsa
649 2775 722 2835 mala
744 2774 881 2836 tractatio.
911 2769 1035 2832 Proinde
1056 2773 1229 2846 providimus
1249 2774 1469 2849 dicere-qualis

406 2873 441 2943 sit
461 2878 521 2945 ipsa
541 2874 613 2930 mala
634 2872 780 2941 tractatio:
808 2870 837 2933 id
859 2880 901 2929 est
920 2873 942 2933 sl
964 2889 1026 2933 eam
1047 2873 1120 2928 lame
1142 2873 1298 2943 negaverit,
1321 2882 1368 2933 aut
1388 2874 1469 2932 vesti-

405 2979 531 3038 mentum
563 2971 604 3027 vel
631 2969 849 3035 calciamentum,
875 2971 1030 3030 secundum
1061 2969 1223 3042 qualitatem
1250 2972 1387 3043 pecuniae
1410 2988 1466 3029 non

405 3069 531 3140 dederit,
560 3076 606 3129 aut
634 3070 668 3126 ad
690 3085 800 3128 servum
821 3070 863 3129 vel
886 3070 1028 3129 aldionem
1048 3071 1161 3132 alterius
1183 3087 1245 3128 earn
1266 3087 1382 3129 osorem
1403 3069 1469 3129 dare
1564 3107 1565 3141 ,

405 3167 594 3242 presumserit,
617 3174 665 3226 ant
685 3184 745 3224 eam
767 3165 918 3225 battederlt
938 3167 1064 3239 turpiter,
1090 3175 1207 3241 excepte
1226 3168 1250 3227 si
1273 3168 1366 3232 inians
1385 3167 1471 3224 luerit

339 3267 341 3271 ’
406 3285 457 3340 pro
478 3267 595 3326 honesta
616 3265 780 3337 disciplina,
812 3265 1017 3324 ostendendum
1043 3267 1179 3326 muliebre
1200 3283 1286 3339 opera
1306 3273 1353 3328 aut
1373 3266 1470 3324 adri-

406 3365 480 3444 cium
499 3366 603 3425 malum
624 3364 842 3433 emendandum,
866 3363 993 3422 sicutde
1015 3365 1157 3437 propriam
1178 3365 1263 3422 liliam
1285 3382 1374 3433 suam,
1397 3372 1426 3424 et
1445 3365 1469 3422 si

405 3480 467 3523 eam
487 3463 516 3518 in
538 3461 719 3519 indicebilem
740 3478 855 3534 operam
877 3468 995 3534 quoacta
1017 3462 1173 3532 minaverit,
1196 3470 1244 3520 aut
1263 3464 1286 3520 si
1308 3464 1367 3536 ipsa
1389 3462 1469 3521 adol-

405 3560 548 3622 lcraverit;
572 3559 669 3615 omnia
687 3559 754 3616 haee
776 3560 823 3632 qui
846 3559 937 3617 iacere
954 3561 1163 3634 presumpserit,
1187 3563 1260 3624 male
1276 3567 1388 3622 tractata
1406 3577 1468 3620 esse

406 3657 548 3726 edicimus.
589 3658 705 3729 insuper
726 3663 753 3714 el
773 3657 916 3726 addimus,
947 3663 978 3714 ut
999 3673 1052 3717 nec
1074 3659 1108 3714 ad
1130 3657 1234 3723 liberas
1256 3659 1386 3718 homenis
1406 3675 1467 3714 eam

405 3755 440 3812 ad
461 3755 591 3814 maritum
611 3756 717 3827 absque
743 3755 801 3826 ejus
832 3742 1002 3815 volunlatem
1024 3756 1092 3812 dare
1112 3764 1269 3828 presumat:
1303 3757 1369 3828 qnia
1389 3756 1468 3828 pejus

405 3859 518 3911 tractata
538 3869 597 3922 esse
621 3870 678 3910 non
708 3858 816 3924 petest,
849 3853 873 3910 si
894 3854 975 3910 illum
999 3855 1197 3922 venumdedit,
1221 3871 1307 3926 quem
1327 3855 1386 3926 ipsa
1410 3870 1468 3910 non

405 3953 471 4008 vult.
498 3951 567 4008 ldeo
587 3951 742 4020 statuimus,
766 3958 796 4006 ut
815 3957 931 4023 prepter
951 3953 1050 4024 plagas,
1069 3959 1096 4008 et
1118 3951 1222 4021 feritas,
1245 3952 1269 4008 si
1291 3951 1400 4015 lecerit,
1425 3954 1469 4010 vel

405 4047 440 4104 de
461 4047 639 4118 adulterium,
662 4054 804 4121 conponat
825 4049 916 4110 eidem
938 4048 1042 4106 lemine
1063 4049 1261 4108 sicutEdictoe
1280 4048 1420 4118 contenit,
1441 4055 1470 4106 et

405 4143 551 4204 mundium
572 4146 630 4218 ejus
650 4145 766 4214 amittat.
869 4199 871 4210 ,

485 4241 546 4318 (V.)
584 4247 661 4305 Μ.
697 4243 727 4300 Si
749 4243 811 4316 quis
832 4243 987 4302 admodum
1007 4242 1137 4303 inventos
1158 4242 1242 4303 toerlt
1262 4260 1325 4301 cum
1351 4260 1469 4302 uxorem

328 4396 333 4406 ,
403 4340 525 4398 alienam
546 4343 664 4414 turpiter
684 4341 854 4411 conversari,
877 4341 908 4398 id
928 4348 971 4400 est
991 4341 1014 4398 si
1030 4357 1130 4398 manos
1151 4341 1181 4398 io
1203 4357 1272 4398 senc
1291 4347 1340 4406 aut
1363 4342 1400 4398 ad
1421 4358 1470 4415 pe·

404 4447 481 4504 ctum
500 4438 559 4510 ejus
580 4439 702 4504 miserit,
724 4440 766 4512 vel
788 4440 823 4495 ad
845 4440 933 4498 aliurn
947 4442 1046 4504 ,locem
1068 4440 1142 4499 unde
1169 4447 1248 4511 torpe
1277 4455 1341 4501 esee,
1364 4445 1469 4512 polest,
