3170 5218
375 459 438 522 ibt
806 477 918 524 neme
941 477 1032 525 meis

451 622 545 700 (m.)
571 629 626 686 11.
655 625 687 684 si
707 626 772 700 quis
791 641 904 686 antem
923 626 1040 686 alterins
1060 643 1144 700 egere
1164 633 1213 684 ant
1231 640 1346 684 causare
1364 640 1429 698 pre-

370 725 521 798 sumpserit
544 723 575 780 In
595 725 734 798 presentia
755 725 829 796 regis
849 734 899 782 aut
915 725 1039 798 judicis,
1069 732 1187 799 excepto
1207 725 1231 781 si
1250 741 1301 780 rex
1320 729 1367 779 ant
1380 723 1429 795 ju-

372 822 427 878 dex
447 821 590 878 licentiam
609 821 719 878 dederit
738 822 774 878 de
796 815 901 890 vidue,
924 829 974 879 ant
992 822 1028 879 de
1049 822 1193 895 orphano,
1222 830 1270 879 aut
1290 822 1325 879 de
1346 822 1430 878 talem

371 920 515 978 bominem
535 919 585 992 qui
606 936 721 976 canem
740 936 822 978 suam
842 920 936 978 dicere
961 937 1018 976 non
1039 918 1183 993 potnerit,
1214 924 1355 992 conponat
1380 918 1430 974 iri-

371 1017 476 1090 dripild
501 1033 573 1086 suo,
604 1017 783 1080 medietatem
811 1019 893 1090 regi,
929 1027 958 1074 et
978 1019 1155 1076 medietatem
1180 1018 1207 1074 ei
1227 1025 1324 1074 centn
1344 1033 1429 1090 quem

371 1116 533 1176 causaverit.
573 1117 611 1174 Et
636 1116 661 1172 si
690 1115 761 1172 torte
790 1117 893 1190 aliquis
920 1134 971 1189 per
990 1117 1198 1189 simplicitatem
1217 1131 1329 1172 causam
1348 1131 1429 1170 snam

368 1229 455 1286 agere
476 1214 575 1284 necti,
599 1215 691 1272 veniat
711 1214 747 1271 ad
762 1215 916 1287 palatiumc
938 1222 967 1272 et
985 1214 1008 1271 si
1028 1232 1077 1270 rer
1096 1222 1144 1272 unt
1159 1213 1248 1287 judex
1264 1213 1431 1286 praeviderit

371 1312 449 1386 quod
460 1313 561 1368 rentes
580 1312 627 1382 sit,
650 1321 718 1370 tuuc
738 1313 765 1369 ei
786 1313 854 1370 dare
873 1314 976 1370 debeat
989 1313 1134 1370 bominem
1154 1312 1205 1385 qni
1219 1327 1330 1368 causam
1342 1311 1430 1384 ipsius

370 1417 449 1482 aget:
480 1426 546 1466 nain
572 1410 701 1483 sijudex
728 1411 782 1468 boc
802 1413 996 1478 consenserit,
1019 1419 1138 1484 excepto
1158 1411 1202 1468 bis
1222 1409 1366 1483 capitulis,
1400 1417 1432 1466 et

370 1525 429 1564 non
450 1507 659 1579 emendaverit,
687 1515 716 1565 et
744 1509 804 1582 ipsc
824 1509 954 1566 similiter
974 1518 1117 1583 conponat
1135 1508 1276 1580 widrigild
1297 1507 1429 1564 suumin

372 1605 508 1678 palatium
528 1605 611 1676 repis.
633 1605 664 1662 Si
684 1606 762 1664 enirn
782 1607 970 1681 quiscumque
991 1610 1074 1665 bono
1095 1608 1167 1664 liber
1182 1607 1212 1664 io
1233 1605 1373 1663 servitium
1393 1605 1431 1660 de

371 1703 501 1775 gasindio
515 1703 590 1774 regis
610 1712 659 1760 aut
679 1705 714 1762 de
727 1705 788 1777 ejus
806 1706 890 1764 lidele
906 1707 1056 1777 introierit,
1079 1715 1108 1762 et
1125 1706 1213 1779 judex
1227 1707 1263 1762 de
1277 1706 1329 1762 sub
1344 1719 1431 1777 quens

372 1801 458 1858 inerit
477 1802 576 1860 dolose
596 1819 664 1859 enm
684 1804 843 1876 obprimere
864 1806 1000 1878 quesierit
1019 1822 1071 1879 pro
1091 1821 1126 1862 eo
1146 1804 1224 1879 quod
1244 1803 1304 1876 ipse
1324 1802 1352 1858 ln
1373 1817 1432 1858 ser·

371 1899 438 1959 vitio
458 1900 572 1958 alterins
592 1901 749 1966 introierit,
782 1909 811 1958 et
839 1903 947 1960 inlicite
968 1905 1132 1977 peripsum
1153 1904 1251 1960 dolum
1278 1901 1305 1956 ei
1321 1899 1432 1972 judica·

372 1997 457 2068 serit,
489 2005 519 2056 et
543 1998 673 2056 forsitans
693 2000 729 2056 ab
750 1999 813 2073 ipso
829 2001 926 2073 judice
946 2018 999 2058 sno
1021 2002 1130 2074 justitie
1157 2018 1208 2058 sua
1226 2000 1350 2056 invenire
1372 2014 1432 2053 oon

372 2095 509 2169 potnerit:
540 2103 608 2153 tnnc
638 2103 784 2168 conponat
810 2097 898 2169 judex
926 2100 1000 2156 sicut
1028 2117 1114 2172 snpra
1133 2100 1254 2171 legitur,
1281 2103 1313 2164 ,et
1332 2097 1379 2152 ille
1398 2094 1431 2150 in

371 2176 460 2267 cnjus
479 2194 592 2252 semitio
621 2195 683 2268 ipse
713 2203 755 2251 est
785 2195 886 2254 babeat
912 2197 1055 2254 licentiam
1083 2215 1194 2256 causam
1219 2198 1280 2270 ejus
1300 2210 1382 2266 agere
1401 2200 1434 2248 et

372 2292 610 2366 usqneudleqem
627 2293 804 2365 perducere3
826 2293 866 2351 sic
888 2303 982 2352 umen
1007 2303 1038 2351 ut
1058 2301 1123 2352 autc
1140 2296 1220 2353 vadat
1239 2291 1433 2366 adjudicium

369 2390 459 2463 judIci
478 2407 542 2457 suo,
561 2391 698 2464 justitiam
717 2409 798 2450 suam
818 2392 1036 2466 suspriendam.

451 2537 554 2616 (Vm.)
585 2545 644 2600 ta.
674 2545 802 2602 llelntnm
827 2544 942 2617 quidem
971 2545 1052 2601 nobis
1073 2550 1131 2612 est,
1164 2543 1240 2616 quod
1269 2542 1325 2598 sint
1344 2539 1433 2613 aliqui

372 2635 450 2710 pravi
470 2637 600 2695 homines
621 2639 668 2712 qui
690 2642 855 2698 submittunt
874 2641 904 2698 in
919 2643 1023 2714 palatio
1038 2649 1134 2698 nostro
1151 2648 1288 2698 secretum
1308 2646 1435 2695 nostrum

372 2735 555 2806 discendum,
584 2743 614 2792 nt
633 2744 680 2793 cut
699 2755 752 2811 pei·
772 2739 921 2796 deliciosus
942 2746 989 2796 unt
1009 2756 1060 2813 per
1081 2739 1208 2796 ostinrios
1227 2739 1270 2793 vel
1292 2753 1342 2809 per
1362 2737 1435 2792 elios

371 2832 495 2889 bominis
515 2834 638 2906 captiose
665 2843 712 2892 unt
732 2838 870 2894 absconse
900 2837 1002 2911 aliquit
1031 2837 1197 2908 investigare
1224 2836 1331 2908 possint
1350 2834 1437 2907 quid-

373 2929 442 3004 quid
464 2947 515 2987 nos
536 2931 661 3003 aqimns3
691 2941 718 2990 ct
748 2935 802 3009 ipsi
833 2935 881 3008 qui
911 2943 1062 3007 rogentur,
1095 2934 1232 3008 quidquid
1262 2947 1436 3004 cognoscere

372 3035 491 3101 possunt
510 3045 619 3100 eornm,
641 3032 777 3090 mundant
796 3041 843 3090 aut
855 3035 1024 3091 annuntient
1044 3041 1160 3102 secrete,
1184 3031 1313 3089 etadhuc
1333 3030 1363 3085 in
1384 3047 1435 3085 ex-

371 3131 467 3184 tranea
486 3128 631 3200 provincie
652 3131 814 3188 mandatum
834 3132 948 3192 fuciunt.
991 3132 1046 3189 Sed
1067 3131 1177 3204 adpulit
1202 3129 1298 3196 nobis,
1326 3135 1355 3183 nt
1382 3128 1435 3200 qni

372 3225 426 3282 tule
446 3240 528 3285 ceusu
548 3234 695 3300 penetrare
714 3229 852 3301 presumit
872 3246 929 3285 non
951 3235 992 3286 est
1012 3229 1041 3285 in
1063 3230 1119 3286 lide
1140 3234 1317 3291 surrectus,
1339 3224 1436 3280 setin

371 3324 444 3380 mole
464 3325 670 3396 suspectionem
690 3344 804 3383 manere
826 3327 943 3388 videtur.
971 3329 1052 3386 Unde
1074 3327 1260 3390 decernimus,
1283 3323 1380 3395 utqui
1401 3322 1435 3377 in

372 3422 426 3477 tale
446 3438 528 3478 ceusu
548 3424 700 3482 admodum
720 3426 849 3482 detentus
870 3426 964 3495 luerit,
987 3433 1044 3484 mm
1065 3425 1113 3499 qui
1135 3423 1272 3481 submittit
1291 3437 1436 3495 quemque

373 3520 421 3592 qui
442 3521 630 3593 submittitur,
662 3523 755 3580 anime
781 3541 830 3580 sne
851 3523 975 3580 incurret
995 3525 1150 3596 periculum
1171 3531 1199 3579 et
1219 3539 1263 3578 res
1290 3521 1347 3593 ejus
1368 3519 1438 3575 infi—

374 3626 503 3674 scentur:
527 3620 604 3693 quie,
626 3621 698 3677 sicut
708 3620 775 3678 dicit
786 3621 946 3694 Scriptura:
971 3622 1143 3691 „secretum
1164 3619 1237 3692 regis
1258 3620 1437 3678 abscondere

372 3718 498 3787 „bonum
519 3724 570 3788 cst,
594 3736 679 3793 opera
699 3726 792 3775 eutem
812 3719 865 3776 llei
886 3721 1009 3777 revelare
1031 3715 1217 3776 honorificum
1237 3722 1309 3776 est“.

646 3869 776 3910 stettein
797 3870 924 3912 notorum
944 3871 1044 3910 nonis
1065 3871 1155 3914 nnsis.

836 4091 964 4144 INCIPIT

697 4199 891 4263 CAPITULA
915 4202 956 4262 IN
978 4201 1105 4264 BREVI.

449 4342 508 4400 Ictu
527 4360 596 4415 quoe
615 4348 738 4418 superior
766 4348 868 4417 scripta
894 4354 1036 4416 tenentur,
1060 4349 1090 4402 ιἰι
1110 4347 1237 4405 Edictum
1257 4349 1433 4406 scribuntur:

372 4465 396 4513 et
416 4461 470 4516 istu
490 4460 558 4516 deos
579 4462 698 4531 capitulo
719 4461 751 4516 de
771 4461 862 4517 subtus
883 4464 913 4517 ιἰι
933 4464 1007 4518 dreni
1024 4465 1192 4534 previdimus
1212 4470 1337 4520 statuere.
