3170 5218
486 513 624 559 nurcrnrr
645 513 711 558 car.
728 509 755 554 n
768 529 794 540 -
807 509 842 552 nr.
920 463 924 470 ⁵
1142 494 1204 557 teu

147 667 237 739 major
256 680 339 721 causa
362 665 461 734 tuerit,
490 680 540 736 pcr
560 669 765 721 sacramentum
787 662 959 720 ovcscarioni
979 679 1045 720 cunr
1065 663 1206 720 actoribus

149 763 302 840 liniantur;
331 761 354 818 si
374 777 440 817 vero
463 760 555 817 minor
577 774 688 818 causam
709 759 816 830 luerit,
846 767 924 817 actor
953 761 987 818 da
1008 762 1071 818 loeo
1093 777 1157 820 cnm
1178 779 1206 818 e·

147 859 272 917 oloribus
292 859 447 916 secuudum
469 858 630 931 qualitatem
652 871 751 914 causae
772 857 931 928 persolvant
950 863 1165 916 sacramentum.
1243 854 1248 863 '

227 956 318 1032 (xil.)
339 960 397 1015 21.
419 957 456 1013 Et
475 957 528 1012 hoc
546 956 697 1013 delinimus
718 962 749 1011 ut
764 962 913 1028 postquam
923 955 1013 1028 jussio
1031 956 1104 1028 regis
1123 954 1207 1016 lu'en't

146 1057 175 1113 in
198 1056 352 1112 exercitum
373 1055 594 1122 ambulandum,
624 1059 652 1110 et
672 1051 855 1109 constitutum
876 1037 998 1126 positum
1023 1029 1208 1110 ed'movttio-
1305 1039 1310 1052 '

34 1221 43 1238 ·
148 1169 213 1209 nem
234 1152 403 1221 taciendam,
427 1152 521 1208 nullus
542 1159 685 1224 presumat
701 1151 894 1225 fidejussorem
916 1153 964 1207 ant
979 1149 1135 1208 debitorem
1155 1167 1207 1226 pro

147 1267 327 1324 quacumque
349 1267 432 1308 causa
452 1249 611 1328 pignerare,
634 1249 656 1306 si
678 1250 713 1306 de
735 1265 791 1306 una
808 1248 946 1322 judicario
967 1248 1068 1318 inerit,
1091 1249 1127 1304 ad
1147 1249 1207 1306 dies

147 1349 298 1406 duodecim
329 1356 480 1421 antequam
507 1355 588 1405 excat
614 1348 650 1404 ad
671 1347 900 1417 exercitandum,
933 1347 982 1404 sed
1002 1346 1038 1404 sit
1058 1347 1207 1420 quietusa

147 1445 298 1504 duodecim
329 1447 389 1502 dies
416 1452 498 1504 antea
527 1452 555 1501 et
582 1444 734 1502 duodecim
761 1452 858 1517 postea
879 1459 964 1518 quarn
993 1445 1028 1502 do
1053 1445 1207 1503 exercitum

148 1543 232 1600 luerit
253 1559 397 1609 reverens3
427 1546 451 1600 si
481 1550 575 1602 autem
596 1543 631 1598 de
651 1541 713 1614 aliis
730 1541 877 1614 judicariis
898 1542 999 1611 luerit,
1023 1541 1151 1600 similiter
1172 1542 1207 1599 sit

146 1641 268 1716 spatium
289 1641 323 1697 ad
346 1641 406 1699 dies
426 1640 542 1711 viginti:
575 1640 683 1701 nemsi
706 1639 769 1712 quis
789 1639 862 1697 intra
882 1639 935 1697 ista
963 1641 1051 1713 spatia
1076 1639 1207 1714 pignera·

147 1738 226 1808 verit,
249 1746 392 1810 conponat
412 1739 528 1812 pignera
549 1739 623 1812 ipsa,
651 1738 728 1810 ¹sicut
748 1737 798 1809 qui
827 1742 924 1794 contra
945 1738 1082 1795 rationem
1095 1723 1207 1812 ‘pignus

148 1837 304 1894 abstulerit.
358 1905 360 1912 Α
573 1899 578 1904 ,Ἴ
610 1901 613 1910 ,
688 1831 690 1886 ἶ
794 1887 796 1896 .
1007 1895 1009 1900 .

228 1931 338 2006 (Xlll.)
363 1935 424 1992 82.
453 1931 484 1989 Si
505 1931 693 2006 quiscumque
714 1932 799 1988 homo
816 1935 867 2004 p'ro
889 1931 1045 1990 bonitatem
1065 1949 1144 1990 snam
1165 1934 1208 1990 in·

147 2031 256 2098 troierit
274 2031 303 2086 in
322 2029 434 2110 servitio
454 2031 489 2086 dc
505 2029 601 2103 judice
622 2036 671 2086 aut
691 2030 726 2086 de
747 2029 803 2086 alio
821 2029 976 2097 hominem,
999 2037 1027 2086 et
1047 2031 1210 2088 deservierit

147 2128 173 2185 ei
195 2130 237 2186 vel
259 2129 294 2185 ed
316 2129 390 2186 lilius
411 2135 460 2185 ant
478 2129 515 2186 ad
537 2135 653 2201 nepotes
673 2127 781 2200 ipsius,
810 2125 838 2184 at
858 2126 990 2184 claruerit
1011 2111 1110 2185 veritas
1131 2129 1209 2201 quod

147 2232 278 2298 parentes
298 2226 358 2298 ejus
379 2209 727 2292 omnislilreri'luissint,
761 2231 790 2280 et
817 2230 914 2298 postea
941 2240 1006 2281 eum
1037 2225 1066 2282 in
1095 2225 1209 2282 servitio

147 2315 281 2380 detenere
302 2323 441 2408 voluerit,¹
472 2309 592 2382 dicendo
614 2322 690 2396 quod
721 2339 772 2395 per
793 2323 906 2394 triginta
933 2340 1022 2380 annos
1050 2323 1076 2381 ei
1097 2325 1139 2380 vel
1161 2340 1209 2397 pa·

146 2423 273 2479 rentibus
294 2421 355 2495 ejus
374 2420 558 2476 deservisset:
590 2437 647 2476 non
678 2419 768 2493 possit
788 2436 852 2476 eum
880 2437 932 2494 pro
960 2421 1012 2478 ista
1034 2420 1209 2494 possessione

147 2525 265 2584 tenere;¹
295 2520 363 2593 quia
393 2517 559 2590 inpossibile
589 2525 630 2574 cst
661 2525 690 2576 et
720 2525 819 2574 contra
849 2518 900 2575 Ilei
923 2526 1107 2593 preceptum,
1141 2517 1208 2574 duur

147 2635 246 2673 omnes
260 2610 326 2690 ,ejus
348 2624 476 2689 parentes
498 2615 579 2674 liberi
602 2624 685 2686 sunt,
718 2624 748 2672 nt
775 2616 835 2690 ipse
856 2618 934 2674 solus
959 2616 1007 2692 qui
1037 2617 1209 2692 voluntariae

147 2715 295 2772 deservivit
323 2714 352 2781 ln
380 2714 492 2771 servitio
523 2716 687 2772 deteneatur
707 2731 758 2788 pro
779 2716 838 2772 sula
868 2715 1052 2789 possessione.
1094 2714 1165 2771 llam
1185 2713 1209 2772 si

147 2830 198 2887 pro
221 2813 295 2868 lnrlo
316 2818 365 2868 aut
384 2828 435 2885 pro
457 2812 512 2872 alia
533 2813 656 2876 malitia,
688 2811 763 2868 sicut
782 2812 898 2870 Edictus
929 2814 1073 2880 contenit,
1105 2811 1139 2871 nd
1162 2811 1210 2868 dc·
1264 2849 1267 2854 -

147 2911 326 2969 serviendum
347 2910 377 2967 in
399 2909 498 2967 manus
519 2910 601 2966 datus
616 2900 716 2978 luerit,
740 2917 769 2965 et
788 2909 936 2982 probatum
957 2910 1051 2978 luerit,
1074 2909 1210 2966 deserviet
1307 2969 1308 2976 χ

150 3016 178 3066 et
199 3009 227 3066 in
248 3016 340 3067 antea.
383 3007 413 3064 Si
443 3024 509 3067 voro
531 3008 591 3080 ejus
612 3014 741 3080 parentes
763 3007 936 3080 pertinentes
958 3007 1075 3070 luerint.
1098 3006 1206 3080 etipse

147 3108 224 3162 solus
245 3107 279 3162 nd
300 3105 457 3162 libertatem
478 3106 594 3162 tendere
625 3103 765 3172 voluerit,
799 3104 821 3160 si
852 3103 912 3177 ipse
941 3105 1097 3161 libertatem
1128 3119 1205 3160 snam

147 3205 280 3261 edoniere
302 3219 352 3276 per
366 3204 469 3259 cartola
484 3211 533 3259 aut
550 3218 600 3275 per
619 3201 741 3258 hominis
755 3201 859 3261 liberos
876 3204 919 3261 rel
936 3219 986 3276 per
1002 3203 1210 3276 possessionem.

144 3303 223 3374 juxta
244 3304 335 3376 legem
357 3319 413 3358 non
432 3301 570 3374 potuerit,
594 3301 731 3357 deserviat
750 3307 778 3356 et
800 3299 829 3356 in
851 3309 943 3358 antae.

511 3488 672 3546 EXPLICIT
690 3494 845 3548 Eurorum

461 3678 718 3761 ttttstttllt
742 3679 900 3760 neuls.
