3172 5228
510 500 648 548 euterun
671 501 737 548 eae.
753 495 895 542 ann-an.
1179 482 1219 544 31

161 647 277 707 mannia
296 649 405 718 rivere,
438 649 492 708 nisi
520 666 631 723 semper
659 650 710 707 suh
741 655 906 723 potestatem
925 650 1051 708 virorum
1079 657 1127 709 aut
1146 657 1221 708 certe

161 748 236 819 regis
257 749 354 806 deveat
373 764 549 821 permanere,
572 766 624 807 nec
645 748 751 821 aliquid
771 766 787 805 e
808 765 852 806 res
873 749 991 806 moriles
1010 756 1057 807 aut
1077 749 1223 810 inmeritas

161 847 221 905 sine
242 847 412 905 volontatem
431 845 506 904 illius
526 847 559 904 in
578 847 654 921 cujus
668 847 814 908 mundium
835 847 918 906 luerit
937 847 1038 906 lrabeat
1058 856 1221 923 potestatem

161 941 295 1005 donandi
307 953 355 1004 ant
375 944 526 1004 alienandi.
992 990 997 999 .

241 1045 334 1103 800.
355 1041 408 1118 (De
427 1047 505 1102 atate
523 1041 707 1117 uiolentiam)
739 1043 769 1100 si
790 1043 853 1117 quis
874 1041 947 1102 a'ldia
968 1044 1108 1110 alienam,
1131 1045 1160 1102 id
1181 1053 1223 1103 est

160 1143 210 1215 qui
228 1143 285 1215 jam
306 1143 341 1199 de
361 1150 449 1200 matre
470 1142 558 1200 libera
580 1149 643 1199 nata
664 1148 715 1212 est,
734 1141 865 1199 violentia
886 1142 991 1212 lecerit,
1014 1150 1158 1218 conponat
1177 1160 1222 1201 so-

160 1239 233 1298 lidos
254 1241 448 1313 quadraginta.
1201 1283 1223 1298 ,,

241 1339 335 1397 800.
357 1336 409 1413 (De
429 1340 527 1396 liberte
545 1333 725 1411 uiolentiam.)
754 1336 784 1392 Si
805 1335 866 1409 quis
887 1335 985 1392 liberta
1007 1337 1108 1407 aliena,
1131 1338 1223 1396 idest

161 1437 220 1510 ipsa
242 1453 362 1511 persona
382 1437 429 1511 qni
450 1437 538 1496 libera
559 1436 672 1495 dimissa
693 1443 754 1504 est,
777 1435 910 1493 violentia
936 1434 1050 1505 lecerit,
1080 1429 1222 1510 conponat

161 1535 267 1592 solidos
288 1551 335 1595 xx.
991 1513 997 1528 ’

241 1634 328 1692 801.
349 1631 522 1706 (Decncttlu
541 1635 725 1698 cinhntiuta.)
748 1631 777 1688 Si
798 1631 861 1705 quis
880 1631 1009 1690 ancillam
1026 1631 1146 1691 alienam
1164 1633 1222 1692 via·

161 1731 247 1788 lentie
268 1731 375 1798 lecerit,
398 1738 542 1805 conponat
561 1731 665 1788 solides
686 1748 730 1789 xx.

241 1831 332 1887 808.
353 1826 528 1904 (Decepta.)
571 1829 601 1886 Si
633 1828 695 1902 quis
717 1827 839 1902 rapuerit
858 1827 961 1885 aldiam
982 1827 1103 1885 alienam
1135 1835 1162 1884 et
1190 1829 1220 1886 in

160 1933 267 1985 curtem
296 1928 409 1984 alterins
430 1927 559 1997 duxerit,
592 1934 620 1984 et
640 1943 759 2000 sequens
785 1926 916 1983 dominus
937 1934 985 1983 ant
1006 1924 1128 1998 parentis
1149 1926 1219 1998 ejus,

161 2031 188 2080 et
209 2024 359 2083 unicurtis
380 2023 461 2082 luerit
482 2024 669 2088 antesteterit‚
703 2032 731 2082 et
751 2042 808 2081 non
831 2022 989 2097 permiserit
1007 2022 1148 2080 vindicare
1175 2031 1222 2081 aut

160 2121 228 2179 loris
249 2122 413 2194 extrahere,
436 2130 578 2196 conponat
598 2122 705 2180 solidos
726 2122 928 2195 quadragenta,
950 2119 1128 2178 medietatem
1150 2121 1220 2194 regi,

160 2226 189 2276 et
210 2219 386 2278 medietatem
407 2221 483 2294 eujus
504 2220 577 2278 aldia
599 2227 647 2278 est.
759 2223 761 2226 '
965 2288 967 2292 ¹

216 2357 219 2362 -
242 2320 335 2377 800.
356 2315 409 2390 (De
428 2320 529 2380 centa
547 2318 649 2390 rapta.)
672 2317 700 2374 si
723 2317 785 2390 quis
807 2315 931 2389 rapuerit
951 2315 1080 2372 ancillam
1101 2316 1221 2376 alienam

159 2423 188 2474 et
208 2416 236 2472 in
258 2424 364 2474 curtem
385 2416 497 2475 alterius
517 2417 643 2482 duxerit,
676 2423 705 2474 et
723 2431 844 2488 sequens
866 2413 998 2470 dominus
1024 2420 1072 2470 aul
1093 2423 1221 2488 parentes

159 2513 219 2587 ejus
240 2521 268 2570 et
288 2515 332 2572 cni
353 2497 438 2572 curtii
458 2519 499 2572 est
525 2513 716 2583 antesteterit,
751 2520 780 2570 et
809 2529 868 2573 non
889 2510 1045 2586 permiserit
1066 2511 1217 2580 vindicare.

48 2671 53 2682 ,
160 2617 303 2684 conponat
323 2613 371 2685 qui
392 2612 532 2669 antestetit
553 2611 659 2669 solides
679 2611 788 2683 viginti,
811 2610 990 2668 medietatem
1009 2610 1089 2682 regi,
1114 2618 1142 2667 et
1161 2627 1221 2670 me·

159 2709 291 2767 dietatem
313 2710 358 2766 eui
379 2709 479 2767 ancilla
500 2709 591 2769 luerit

240 2809 328 2866 810.
348 2807 489 2882 (Decepta
505 2810 553 2880 pne·
571 2811 602 2864 in
620 2815 720 2866 curtem
733 2811 805 2880 regie
822 2806 952 2883 aweit.)
974 2808 1003 2864 Si
1021 2809 1084 2881 quis
1097 2810 1221 2883 rapuerit

158 2904 262 2962 aldiam
282 2911 330 2962 ant
348 2905 479 2963 ancillam
500 2906 620 2964 alienam
641 2913 669 2964 et
694 2906 723 2962 in
745 2903 829 2963 curtis
859 2905 933 2978 regis
962 2905 1090 2974 duxerit,
1123 2914 1151 2965 et
1178 2925 1221 2966 se·

159 3019 249 3075 quens
270 2989 400 3060 dominus
422 3011 469 3060 ant
489 3003 658 3076 quicumque
679 3003 824 3062 examinis
840 3009 889 3060 ant
904 3003 1000 3080 servis,
1022 3010 1049 3060 et
1069 3005 1220 3074 gastaldius

158 3106 207 3158 aut
226 3107 303 3158 actor
322 3101 397 3172 regis
417 3101 607 3158 antesteterit:
637 3117 688 3174 pru
719 3101 811 3166 aldia,
841 3102 876 3157 de
906 3101 963 3158 suis
988 3101 1108 3174 propriis
1137 3103 1220 3160 rebus

159 3208 303 3272 conponat
321 3200 362 3258 illi
383 3199 460 3272 cuius
481 3199 553 3258 aldia
574 3199 783 3258 tueriteotidos
805 3216 859 3266 xr.;
878 3215 942 3273 ,pro
963 3199 1081 3269 ancilla,
1111 3200 1217 3271 viginti.

240 3300 317 3355 811.
339 3297 384 3371 (Si
403 3301 464 3369 quis
484 3315 593 3355 onerem
610 3299 723 3356 nterim
743 3298 855 3369 coierit)
887 3297 917 3354 Si
947 3297 1019 3356 liber
1048 3304 1095 3356 aut
1124 3315 1218 3357 servus

158 3411 276 3454 exorem
292 3396 405 3454 alterius
425 3396 529 3466 tulerit,
552 3412 670 3469 eamque
687 3395 741 3452 sibi
762 3395 791 3452 in
811 3394 943 3469 coningio
958 3396 1113 3468 sociaverit,
1136 3401 1218 3456 ambe

159 3493 332 3560 occidantur,
354 3493 396 3552 sic
414 3499 506 3552 tamen
528 3493 550 3551 si
571 3494 654 3551 ambo
676 3498 885 3552 consenserent.

239 3594 321 3649 818.
342 3588 387 3665 (St
402 3595 463 3664 qnia
476 3609 536 3650 enm
550 3609 659 3649 onerem
673 3610 752 3650 auum
765 3595 851 3664 altam
865 3594 1048 3666 {minarum
1061 3596 1219 3670 invenerit.)

159 3689 189 3746 Si
212 3690 274 3763 quis
294 3706 357 3748 cum
377 3705 494 3748 exorem
514 3706 593 3748 snam
619 3690 738 3749 liberum
767 3698 815 3748 aut
840 3707 948 3748 servum
969 3689 1155 3762 fumigantem
1177 3693 1220 3750 in-

157 3788 274 3857 venerit,
297 3795 461 3862 potestatem
482 3788 584 3852 habeat
603 3803 652 3846 eos
673 3790 772 3848 ambos
794 3788 960 3855 occidendig
983 3790 1052 3844 etsi
1074 3805 1123 3846 ens
1145 3792 1219 3850 ceci-

159 3886 237 3955 serit‚
260 3879 327 3942 nen'
340 3885 504 3960 requiratur.
997 3935 1000 3940 r

239 3985 321 4044 818.
343 3983 396 4056 (De
416 3987 517 4042 odmen
537 3982 689 4056 adeunti.)
711 3984 741 4042 Si
762 3984 826 4057 quis
843 3983 929 4042 alium
950 3985 984 4042 de
1004 4001 1120 4043 uxorem
1139 4002 1217 4044 suam

158 4082 263 4140 crimen
285 4081 392 4138 miserit
412 4083 488 4155 quod
509 4099 573 4141 eum
593 4099 626 4139 ea
640 4080 807 4154 fornicassit,
829 4083 912 4141 leciat
927 4083 952 4140 ei
974 4083 1019 4140 eni
1035 4084 1141 4142 crimen
1156 4085 1220 4142 mit

159 4180 225 4238 titur
245 4187 293 4238 ant
313 4196 363 4254 per
382 4189 589 4252 sagramentum
608 4188 656 4238 ant
676 4197 726 4255 per
747 4197 869 4254 pugnam
896 4197 925 4238 se
951 4182 1119 4256 purifigarer
1148 4190 1177 4241 et
1195 4183 1219 4242 si

158 4285 303 4353 precatum
324 4277 416 4345 luerit,
440 4279 549 4338 animae
570 4295 636 4338 suae
656 4279 780 4338 incurrat
800 4279 964 4353 perieulum.

239 4379 322 4436 814.
364 4377 394 4434 Si
415 4378 478 4451 quis
498 4379 616 4439 liberam
635 4379 758 4452 puellam
779 4379 883 4453 absque
904 4378 1051 4438 consilium
1073 4385 1218 4455 parentum

157 4482 206 4534 aut
224 4476 394 4536 veluntatem
410 4475 522 4534 duxerit
537 4492 663 4548 exorem,
686 4482 829 4550 conponat
848 4476 964 4551 anagrip
977 4477 1083 4536 solidor
1102 4477 1217 4550 rigenti,
1286 4494 1288 4500 ’
