3172 5228
399 492 440 565 iu
789 503 942 552 normnrs
965 505 1057 568 aucus

396 656 596 734 suosmenerit,
618 656 697 718 tollat
716 662 868 729 aceptorss,
892 663 920 712 et
934 656 1051 729 amplius
1065 655 1146 728 culpa
1165 653 1295 712 edemus
1311 668 1375 711 eum
1391 667 1449 708 non

396 759 531 834 requirat.
571 755 607 812 lit
635 754 687 810 lroc
712 753 856 826 jobemus,
888 755 910 811 ei
932 753 995 828 quis
1016 754 1051 811 de
1073 753 1154 824 gagio
1175 751 1254 823 regis
1269 750 1381 822 tulerit,
1415 749 1452 808 sit

398 853 547 930 culpavelis
567 851 671 908 solidos
692 868 743 909 un.

477 955 554 1012 331.
597 949 626 1008 Si
655 948 717 1022 quis
737 949 772 1004 de
794 949 893 1006 arbore
913 947 1050 1019 signatum
1078 948 1108 1004 in
1134 948 1201 1006 silva
1222 948 1334 1007 alterius
1353 963 1450 1020 eccep-

399 1057 479 1116 tores'
494 1051 528 1109 de
550 1047 617 1108 nido
638 1046 741 1115 tolerit,
764 1054 906 1119 conponat
925 1045 1029 1103 solidos
1050 1063 1086 1102 rr.

476 1148 567 1222 333.
593 1139 647 1218 (lte
673 1160 752 1200 canes
771 1141 929 1216 incidotsu.)
969 1142 1010 1199 si.
1028 1129 1089 1216 quis
1115 1160 1197 1202 canes
1223 1143 1329 1202 alienus
1350 1143 1449 1200 clama·

396 1245 475 1315 uerit,
486 1250 533 1300 aut
543 1241 707 1305 incitaverit,
719 1247 750 1298 et
760 1240 892 1298 damnum
903 1240 1000 1298 iecerit
1008 1240 1037 1298 in
1049 1241 1190 1299 hominem
1202 1248 1248 1309 aut
1257 1241 1286 1298 in
1297 1240 1446 1315 peculium,

398 1359 454 1400 nou
476 1347 618 1414 reputetur
634 1338 675 1396 illi
690 1340 772 1411 culpa
790 1338 867 1410 cujus
883 1337 1046 1408 naussum,
1066 1340 1115 1396 sed
1130 1340 1171 1396 illi
1189 1339 1235 1412 qui
1251 1355 1304 1396 eos.
1316 1337 1446 1397 incitavit

476 1439 561 1496 333.
583 1434 644 1510 (De.
655 1439 788 1492 hominem
807 1432 965 1509 radiosum.)
987 1434 1016 1491 Si
1031 1435 1151 1508 peccatis
1164 1436 1349 1495 eminentibus
1364 1436 1447 1492 homo

396 1537 523 1599 rabiosus
544 1541 591 1592 sul
604 1531 805 1596 demoniaticus
821 1533 906 1597 iactus
923 1534 1015 1604 suerit,
1027 1540 1066 1605 et
1083 1535 1214 1592 domuum
1232 1533 1329 1608 lecerit
1349 1534 1378 1592 in
1400 1533 1448 1588 ho·

397 1636 502 1694 minem
522 1641 570 1691 eut
598 1631 627 1689 iu
654 1631 816 1705 peculium,
847 1648 905 1696 non
935 1631 1092 1705 requiratur
1119 1633 1154 1690 ab
1182 1630 1349 1696 heredibus;
1378 1630 1447 1688 etsi

397 1734 457 1807 ipse
478 1717 585 1789 occisus
605 1729 701 1797 luerit,
731 1727 813 1784 simili
835 1728 920 1786 modo
948 1746 1005 1786 non
1027 1730 1200 1803 requiratur:
1231 1735 1337 1786 mutum
1358 1735 1449 1786 estut

397 1832 458 1890 sine
478 1829 559 1903 culpa
580 1843 637 1884 nou
658 1826 808 1886 occidatur.

475 1930 559 1986 334.
601 1925 630 1980 Si
652 1924 728 1982 canis
749 1930 796 1980 aut
815 1923 935 1979 cavallus
954 1930 1002 1979 aut
1029 1924 1153 1998 quislibit
1179 1923 1305 1998 peculius
1325 1922 1448 1982 rabiosus

302 2083 306 2087 .
398 2025 483 2084 lectuls
512 2025 611 2094 suerit,
643 2028 671 2080 et
690 2022 824 2079 damnum
851 2019 948 2078 iecerit
967 2021 997 2076 in
1019 2021 1160 2080 hominem
1181 2029 1228 2078 aut
1247 2022 1278 2078 in
1298 2021 1444 2096 peculium,

397 2141 454 2183 nun
476 2123 632 2196 requiratur
653 2137 669 2178 a
689 2119 824 2185 domin03
854 2125 882 2175 ct
902 2117 950 2192 qui
970 2119 1062 2191 ipsum
1082 2120 1230 2192 occiderit,
1259 2120 1343 2191 simili
1364 2119 1446 2176 modo

398 2237 454 2278 non
477 2220 632 2294 requiratur
652 2235 668 2274 a
689 2213 803 2273 domino
825 2223 966 2288 utsupra.

474 2318 558 2377 sud.
600 2317 642 2374 lle
672 2314 880 2389 quadrupedia,
911 2314 933 2371 si
964 2314 993 2371 in
1021 2313 1163 2384 bominem
1184 2320 1232 2372 aut
1257 2314 1286 2370 in
1309 2315 1446 2388 peculium

395 2415 531 2475 damnum.
548 2413 655 2485 iecerit,
679 2413 739 2486 ipse
759 2417 902 2485 conponat
922 2411 1054 2468 damnum
1075 2411 1152 2484 cuius
1174 2410 1256 2469 luerit
1275 2412 1407 2486 occulius.

475 2515 560 2573 336.
601 2510 631 2568 Si
652 2511 756 2568 curallo
779 2526 841 2568 cum
863 2509 944 2583 pede,
968 2509 990 2565 si
1011 2510 1095 2567 beves
1115 2526 1178 2569 cum
1200 2526 1319 2580 cornus,
1341 2511 1365 2568 si
1385 2527 1447 2584 por·

360 2642 363 2650 ·
395 2628 443 2670 eus
464 2628 528 2669 cum
548 2610 632 2666 dente
652 2607 794 2664 hominem
815 2605 997 2676 indicaverit,
1020 2615 1066 2664 aut
1087 2607 1108 2665 si
1131 2624 1213 2666 cunes
1229 2608 1377 2680 *morderit
1401 2625 1447 2665 ex·
1541 2667 1545 2674 ,

395 2714 496 2782 cepto,
525 2713 673 2780 utsupra,
705 2704 728 2760 si
749 2705 875 2762 rabiosus
895 2705 997 2774 luerit,
1027 2704 1086 2780 ipsc
1107 2711 1247 2780 conponat
1267 2705 1448 2764 homicidium

396 2812 443 2863 aut
458 2805 590 2862 damnum
608 2803 684 2876 cujus
699 2803 846 2859 animalem
862 2801 953 2868 luerit,
973 2810 1096 2860 cessante
1109 2802 1138 2860 in
1155 2802 1208 2860 hoc
1225 2804 1345 2878 capitolo
1362 2803 1446 2874 laida,

394 2902 424 2962 id
444 2909 485 2959 est
504 2899 660 2970 inimicitia,
684 2901 748 2974 quis
768 2906 872 2958 mutam
892 2915 937 2956 res
957 2899 1030 2969 lecit,
1053 2916 1109 2956 non
1131 2900 1259 2957 homenis
1279 2901 1406 2959 studium.

473 2996 629 3072 333..(1)ο
649 2999 752 3054 cavallo
774 3000 886 3070 mactito
907 3005 954 3054 out
975 2996 1128 3073 conducto.)
1170 2997 1199 3054 Si
1220 2997 1283 3071 quis
1303 2998 1448 3072 prestitum

395 3103 442 3154 aut
461 3079 630 3154 conductum
649 3097 782 3154 cavallum
803 3101 849 3154 aut
877 3095 976 3150 leonem
1002 3101 1049 3152 aut
1069 3110 1166 3152 canem
1192 3102 1239 3152 aut
1259 3095 1381 3171 quolibit
1400 3113 1449 3170 pc-

395 3194 500 3254 culium
519 3194 664 3264 habuerit,
687 3200 715 3250 ct
735 3193 802 3250 dum
822 3193 850 3248 in
867 3192 957 3266 ipsum
980 3192 1148 3251 beneficium
1169 3199 1216 3248 out
1237 3195 1447 3252 conducituram

396 3299 439 3349 est
458 3292 591 3350 damnum
612 3291 727 3360 lecerit,
760 3307 816 3348 non
838 3290 994 3363 requiratur
1021 3290 1138 3364 proprio
1168 3290 1302 3349 domium
1328 3299 1370 3349 set
1394 3293 1445 3358 illi,

396 3389 444 3462 qui
456 3397 519 3464 post
531 3406 560 3446 se
571 3388 714 3462 prestitum
726 3388 832 3457 habuit,
847 3389 905 3461 ipse
917 3387 1097 3445 humieidium
1105 3385 1288 3446 autdamnum
1299 3395 1449 3462 conponat.

475 3488 562 3544 338.
603 3486 632 3543 Si
663 3485 796 3542 animales
816 3486 922 3545 alicnus
942 3484 1091 3542 animalem
1112 3485 1243 3544 occiderit
1267 3494 1315 3544 aul
1335 3486 1449 3556 inuiga—

394 3581 479 3654 verit,
508 3582 537 3640 id
558 3589 600 3640 cst
619 3584 703 3656 liores
723 3582 823 3640 bovem
843 3590 890 3642 aut
910 3583 1038 3656 quislevit
1060 3583 1199 3656 peculim,
1232 3589 1298 3641 tunc
1318 3584 1448 3641 dominus
1565 3633 1566 3662 5

396 3680 443 3753 qui
464 3678 611 3737 animalem
631 3696 710 3738 suum
731 3681 863 3752 intrigatu
879 3680 1016 3738 invenerit
1035 3687 1082 3738 aut
1098 3680 1210 3738 forsitan
1228 3682 1285 3754 jam
1303 3682 1449 3741 maroilum

396 3784 444 3836 aut
462 3778 636 3848 minuatum,
663 3779 791 3851 jobemus
826 3779 972 3851 ‘consignet
998 3778 1088 3852 ipsum
1119 3780 1277 3850 intrigatum
1304 3781 1345 3838 illi
1373 3781 1448 3854 cujus
1565 3775 1566 3784 ’

396 3877 515 3934 animale
535 3876 696 3948 intrigarit,
728 3885 758 3934 ut
778 3877 908 3947 semiles,
940 3877 1029 3952 qualis
1056 3879 1084 3934 in
1113 3878 1160 3934 illa
1181 3878 1242 3935 diac
1263 3879 1314 3935 luit
1334 3879 1447 3954 quando

395 3973 526 4046 fragiatus
546 3981 598 4045 est,
621 3975 743 4048 recepiat
762 3977 798 4033 ab
818 3977 880 4050 ipso
901 3976 977 4048 cujus
998 3976 1117 4033 animale
1137 3977 1191 4032 hoc
1212 3975 1284 4034 iecit.

476 4072 565 4131 333.
586 4069 638 4147 (lis
658 4089 724 4130 cone
742 4073 856 4148 iurato.)
898 4073 927 4130 Si
953 4072 1015 4146 quis
1036 4088 1134 4132 canem
1154 4071 1300 4144 iuraverit,
1322 4073 1375 4132 sibi
1397 4089 1448 4130 uo-

395 4183 464 4226 num
483 4169 589 4240 reddat

475 4267 566 4324 330.
607 4264 636 4322 Si
658 4266 720 4339 quis
739 4281 769 4322 se
788 4265 985 4326 vindicandum
1002 4264 1130 4324 occiserit
1148 4282 1246 4323 canem
1262 4265 1394 4336 alienum,
1416 4268 1447 4324 id

396 4369 438 4420 est
457 4377 521 4419 cum
541 4363 626 4435 spade
645 4370 693 4421 aut
716 4362 793 4434 virga
812 4371 859 4421 aut
879 4382 941 4424 cum
962 4364 1086 4440 qualibet
1109 4381 1186 4422 erma
1205 4380 1290 4423 mano
1311 4366 1444 4432 tenendo,

396 4475 453 4518 non
474 4459 500 4518 ci
521 4458 692 4532 requiretur3
716 4467 821 4517 tantum
841 4470 883 4518 est
903 4468 933 4519 ut
951 4462 1012 4534 ipsa
1031 4461 1107 4533 virge
1128 4461 1189 4518 talis
1210 4456 1367 4521 inueniatur
1387 4479 1445 4520 esse
