3172 5228
378 539 421 604 lsi
773 558 927 604 norusms
951 559 1041 604 sums
1118 583 1120 588 -

377 715 463 784 ponat
482 724 536 783 per,
552 710 680 769 arborem
701 707 833 766 tremissis
854 708 933 772 duos.
956 708 1025 766 Nam
1044 712 1154 765 eterans
1175 707 1259 766 homo
1281 708 1304 764 si
1322 715 1436 781 propter

378 803 526 865 utilitatem
547 824 626 866 suam
646 807 713 864 loris
734 809 893 864 clausuram
919 807 1103 880 copulaverit,
1133 823 1191 863 non
1212 806 1247 863 sit
1273 805 1433 879 culpavelis.

425 969 428 976 ,
456 908 547 964 301.
585 887 614 962 ‘st
636 905 864 979 quietissimos,
899 921 968 962 noce
979 946 990 976 1,
1021 921 1089 979 pero
1109 911 1164 976 suu¹
1186 905 1290 962 melum
1311 905 1435 962 alienum

378 1005 517 1074 inciderit,
542 1011 683 1079 conponat
703 1005 794 1062 solido
817 1021 884 1064 uno.

408 1145 412 1154 .
458 1103 549 1162 330.
589 1102 622 1160 Sl
649 1103 713 1178 quis
740 1103 816 1160 ¹olivo
837 1100 1004 1176 capetaverit
1030 1107 1078 1158 aut
1102 1100 1259 1170 socciserit,
1292 1105 1434 1173 conponat

377 1203 485 1262 solidos
502 1218 543 1262 ur.
616 1187 618 1189 ⁵
653 1273 654 1276 Ἴ
757 1273 760 1279 ¹

457 1302 548 1357 303.
590 1297 620 1354 si
640 1299 725 1354 homo
741 1305 789 1357 aut
806 1297 937 1371 quislerit
952 1295 1079 1370 peeutins
1100 1294 1129 1352 in
1144 1311 1210 1368 sepe
1229 1295 1343 1352 alterius
1361 1301 1433 1354 texta

377 1412 442 1455 eum
461 1397 554 1457 vimen
575 1413 604 1452 se
625 1395 779 1469 inpegerit,
810 1403 837 1452 et
857 1400 983 1453 mortuos
1004 1401 1052 1451 aut
1072 1393 1196 1466 aliquam
1216 1393 1354 1450 lesionem
1373 1411 1435 1466 pas-

374 1493 546 1563 susluertt,
578 1501 645 1550 tuno
675 1493 723 1550 ille
752 1493 801 1566 qui
828 1509 924 1566 sepem
945 1492 1034 1565 ipsam
1064 1491 1129 1548 iecit
1149 1497 1178 1558 pt
1197 1497 1281 1564 caput
1301 1491 1434 1564 majorem

374 1601 423 1653 aut
442 1593 581 1649 minorem
605 1591 639 1648 de
661 1591 753 1648 simeo
775 1591 841 1649 loris
861 1590 985 1660 dimisit,
1018 1590 1078 1662 ipse
1108 1596 1150 1646 set
1170 1588 1325 1662 culpavelis
1340 1589 1432 1646 humi-

376 1691 442 1750 oidii
455 1697 512 1762 ¹aut
530 1689 654 1748 lesionis.

457 1790 548 1846 8⁰4.
590 1788 620 1844 Si
633 1789 753 1845 cavallus
774 1784 1104 1861 autquisleritpeoulius
1124 1785 1154 1841 in
1173 1785 1301 1842 clausura
1320 1783 1432 1840 alterius

377 1885 453 1944 intus
475 1865 632 1943 saliendum
653 1903 682 1946 so
702 1885 885 1959 inpalaverit,
909 1901 972 1952 non
994 1883 1127 1941 reddatur
1154 1881 1270 1955 abipso
1292 1881 1371 1954 ouius
1391 1897 1433 1937 se-

376 1999 441 2057 pem
462 1989 522 2050 est;
545 1983 615 2040 etsi
636 1984 671 2041 ab
691 1984 763 2041 intra
784 1983 813 2040 in
842 1983 909 2040 soris
929 1982 1034 2040 salierit
1055 1988 1082 2038 et
1102 1997 1131 2038 se
1151 1979 1332 2053 inpalaverit‚
1368 1987 1433 2036 tune

376 2079 424 2138 ille
446 2081 525 2153 eujus
545 2098 611 2155 sepe
633 2099 692 2138 esse
710 2081 855 2154 vinvonitur
876 2098 941 2138 eum
962 2073 1112 2154 conponat.
1153 2080 1189 2136 Et
1208 2077 1232 2134 si
1246 2077 1324 2134 intra
1345 2077 1432 2150 ipsam

375 2179 503 2236 clausura
524 2170 657 2257 damnum
679 2177 785 2249 lecerit,
809 2185 986 2252 conponatur
1006 2179 1032 2236 ei
1053 2178 1133 2250 cujus
1153 2178 1282 2234 clausura
1303 2181 1353 2234 est.

456 2276 555 2337 300.Ι
591 2277 619 2334 Si
654 2276 717 2350 quis
739 2276 871 2334 fossatum
888 2277 972 2340 eirca
999 2292 1129 2350 eampum
1156 2291 1239 2332 suum
1259 2273 1374 2342 iecerit,
1406 2278 1433 2331 et

375 2376 495 2432 cavallus
516 2381 563 2431 aot
583 2376 653 2432 alter
672 2376 817 2449 peculius
818 2376 927 2434 ibidem
948 2374 1101 2441 oeoederit,
1130 2378 1179 2430 aut
1202 2373 1291 2430 homo
1311 2371 1432 2444 peregri·

376 2473 491 2542 iuverit,
525 2489 583 2528 non
610 2472 772 2556 requiratur
797 2475 914 2547 abipso
935 2474 1016 2547 eujus
1044 2473 1176 2530 fossatum
1198 2469 1339 2528 iuvenitur
1360 2485 1428 2535 esse,

376 2570 443 2644 quio
463 2587 514 2643 pro
535 2571 716 2628 salvationem
738 2571 828 2644 campi
849 2572 892 2628 sui
914 2572 996 2638 lecit,
1021 2587 1085 2628 uam
1107 2586 1165 2626 nou
1181 2569 1278 2626 dolose
1291 2566 1430 2636 tractuum

377 2675 405 2724 et
424 2667 447 2727 si
470 2685 534 2726 oum
556 2670 665 2726 occulte
685 2669 863 2742 cooperient,
887 2670 1021 2728 damnum
1042 2669 1064 2728 si
1086 2664 1305 2734 tantummodi,
1329 2681 1433 2738 nonpo-

378 2773 460 2824 naiur
480 2767 596 2840 abipso
617 2767 666 2841 qui
689 2770 798 2824 oooulte
820 2767 893 2827 lecit.

390 2909 392 2922 .
457 2866 551 2923 300.
571 2863 623 2940 (Do
640 2864 749 2938 posteo.)
791 2865 821 2930 si
842 2865 943 2940 eliquit
970 2864 1000 2920 io
1029 2870 1113 2936 poteo
1140 2861 1255 2920 alterius
1283 2802 1430 2932 oeoederit,

378 2967 406 3018 et
426 2968 567 3019 mortuum
588 2971 637 3020 aut
658 2965 846 3022 dobeletatum
867 2963 960 3032 luerit,
985 2978 1041 3018 non
1058 2960 1218 3035 requiratur
1239 2959 1318 3032 eujus
1335 2967 1433 3034 poteus

378 3065 436 3124 est;
458 3059 524 3132 quia
545 3068 644 3134 poteus
664 3077 753 3135 aquae
774 3062 902 3119 comunis
920 3059 1046 3118 omnium
1063 3058 1189 3116 utilitatis
1206 3057 1349 3130 invenitur
1361 3074 1430 3114 esse.

457 3159 544 3215 303.
565 3156 742 3235 (Dodonia.)
765 3161 795 3218 si
817 3161 880 3234 quis
902 3159 948 3217 alii
970 3174 1166 3217 armomsuam
1185 3155 1350 3230 simpliciter
1371 3172 1433 3229 pre·

377 3253 498 3324 steverit,
521 3262 548 3312 et
566 3257 614 3312 ille
635 3257 683 3331 qul
700 3259 839 3332 acceperit
859 3257 966 3332 aliquid
979 3257 1048 3313 mali
1063 3272 1127 3312 eum
1142 3257 1231 3328 ipsam
1246 3254 1351 3324 iecerit,
1376 3269 1431 3309 non

378 3352 536 3425 requiratur
555 3354 595 3411 illi
617 3357 698 3429 culpa
720 3358 769 3431 qui
790 3358 931 3430 prestetit,
962 3355 1022 3438 sed¹
1039 3355 1065 3411 ei
1093 3355 1142 3429 qui
1163 3356 1267 3412 malum
1288 3369 1353 3410 oum
1373 3353 1432 3424 ipsa

378 3450 542 3522 penetrarit.
584 3453 620 3508 Et
641 3456 825 3528 contrariosi
842 3457 894 3512 ille
915 3455 964 3529 qui
984 3453 1111 3527 prestetit
1131 3467 1300 3509 consensum
1320 3451 1355 3508 ad
1376 3467 1433 3506 ma-

378 3547 437 3604 lum
452 3547 727 3618 laciendumhabuit
741 3555 862 3625 collegas
882 3553 923 3610 illi
944 3553 979 3609 sit
997 3551 1137 3625 adipsum
1148 3552 1253 3608 malum
1266 3548 1430 3606 sanandum.

456 3647 547 3705 308.
589 3649 619 3705 Si
641 3651 705 3723 quis
721 3668 799 3709 suam
814 3652 1006 3709 auctoritatem
1027 3668 1102 3709 arma
1121 3627 1233 3708 ¹ulterius
1251 3648 1349 3704 tollere
1370 3662 1432 3719 pre-

377 3743 535 3816 sumpserit,
559 3753 586 3802 et
607 3749 711 3804 malum
727 3761 797 3805 ‘oum
818 3765 879 3805 eam
901 3748 1006 3818 tenerit,
1031 3765 1087 3806 non
1109 3749 1145 3806 sit
1164 3747 1205 3805 illi
1221 3748 1332 3820 eulpam
1354 3744 1431 3816 cujus

378 3859 452 3900 arma
474 3849 530 3916 est,
552 3845 601 3901 sed
615 3845 662 3903 tili
684 3846 734 3918 qui
756 3863 820 3903 oum
841 3863 902 3902 eam
923 3847 1028 3902 malum
1048 3845 1121 3903 iecit.

456 3943 550 4000 300.
572 3940 624 4018 (De
643 3944 726 4017 sero.)
758 3941 788 3999 st
813 3958 869 4016 qua
890 3943 947 4000 iera
973 3944 1008 4000 ab
1028 3942 1142 4000 homine
1169 3946 1276 4017 plagata
1298 3945 1383 4002 tuerit
1402 3952 1430 4002 et

377 4037 406 4094 in
428 4038 488 4112 ipso
510 4040 602 4096 tororo
623 4040 766 4098 hominem
788 4041 922 4098 occiderit
941 4048 989 4098 aut
1010 4042 1148 4115 quodlivit
1169 4043 1303 4100 domnum
1323 4043 1429 4113 lecerit,

374 4142 445 4211 'tune
465 4135 524 4210 ipse
545 4138 593 4211 qui
615 4139 735 4211 plagavit
749 4139 840 4213 ipsum
858 4139 1042 4197 homicidium
1056 4147 1104 4196 aut
1120 4141 1253 4198 damnum
1269 4147 1428 4214 ponponat3

377 4235 430 4292 sub
452 4253 484 4292 ea
505 4237 620 4294 vidilioit
640 4238 842 4308 observatione,
866 4244 897 4293 ut
917 4239 1022 4295 tamdiu
1043 4237 1221 4311 intellegatur
1246 4241 1329 4314 eulpa
1349 4248 1437 4298 iena-

377 4333 456 4402 toris,
480 4335 603 4409 quandin
624 4351 685 4393 eam
706 4341 817 4392 seoutus
837 4335 922 4392 fuerit
941 4342 989 4393 aut
1009 4335 1086 4392 oanis
1107 4337 1210 4409 ipsiusr
1242 4355 1306 4395 nam
1327 4338 1350 4394 si
1371 4339 1430 4411 ipsa

379 4433 434 4491 lere
450 4433 639 4508 postposuerit
659 4440 686 4490 et
706 4449 735 4490 se
754 4435 790 4490 ab
809 4451 841 4490 ea
865 4433 1027 4505 seruaverit,
1050 4441 1205 4510 posteaque
1224 4434 1281 4492 lero
1301 4437 1361 4510 ipsa
1383 4438 1433 4494 da-

378 4547 476 4590 mnum
497 4531 610 4603 feeerit,
639 4547 698 4590 non
725 4531 883 4605 requiratur
904 4533 939 4590 ab
959 4549 994 4590 eo
1015 4533 1064 4607 qui
1084 4535 1214 4615 plagavit¹
1229 4541 1277 4592 aut
1296 4534 1428 4595 incitavit
