3172 5228
320 563 321 572 ¹
373 538 415 602 70
738 531 923 600 nrarrntanr
946 553 1034 624 anais

370 705 649 764 nummilatria
669 706 848 766 coaduaauta
866 720 922 763 aaa
942 712 996 768 cst,
1023 705 1184 776 ,nouumque
1212 705 1322 759 iuocuta
1340 702 1423 768 [aaa

370 805 405 860 sit
425 805 526 860 acula
543 803 651 874 palatii,
674 810 699 856 at
716 803 768 871 filii
788 803 843 873 cp'us
863 803 934 856 suoi
953 804 1034 873 rapis.

449 915 522 990 (11.)
543 918 607 975 Ἀθ.
631 915 661 972 Si
680 932 736 987 qua
757 915 857 972 mulier
878 932 921 972 rcs
942 932 1004 972 suas
1025 914 1184 972 venundata
1205 913 1338 982 volucrit,
1364 929 1422 968 non

371 1017 521 1083 absconse,
551 1013 605 1070 nisi
635 1013 663 1069 in
685 1013 824 1086 presentia
854 1013 988 1086 principis
1008 1022 1054 1070 aut
1076 1013 1177 1086 judicis
1204 1015 1245 1070 vel
1273 1011 1420 1075 sculdahis,

368 1131 419 1170 scu
439 1113 494 1168 duc
515 1119 563 1168 aut
582 1117 636 1168 trcs
657 1117 786 1183 parantes
806 1126 870 1167 snos
891 1127 985 1168 secum
1012 1111 1151 1180 habeant,
1182 1118 1210 1166 ct
1237 1110 1276 1166 sic
1300 1109 1423 1181 judicem

370 1217 460 1281 roget,
484 1210 549 1282 quia
568 1211 621 1266 lias
635 1225 707 1266 mm
721 1211 780 1266 uolo
789 1211 917 1273 urowa:
940 1216 967 1264 ct
987 1208 1040 1281 ipsi
1062 1214 1188 1280 parentes
1209 1209 1237 1263 in
1257 1207 1344 1280 ipsam
1364 1205 1424 1262 rin-

371 1308 506 1368 ditionem
526 1322 639 1364 manum
660 1314 784 1379 ponant,
814 1313 842 1362 ct
867 1305 926 1378 ipsa
953 1322 982 1362 sa
1011 1307 1184 1364 vinditricem
1211 1305 1308 1374 iaciat,
1337 1304 1376 1360 sic
1396 1310 1425 1360 ct

370 1403 523 1462 mundoald
543 1403 569 1459 ei
590 1403 757 1471 consentiat,
780 1410 808 1458 ot
828 1403 904 1475 quod
926 1402 1082 1464 condiderit
1101 1403 1230 1460 stabilem
1250 1402 1294 1458 sit.
1326 1401 1424 1458 Scriba

371 1510 464 1561 autem
494 1501 542 1574 qni
564 1501 667 1557 cartula
697 1500 756 1573 ipsa
777 1501 917 1572 scripserit
948 1517 1003 1556 non
1026 1501 1106 1557 aliter
1134 1507 1272 1573 prasumat
1291 1499 1422 1567 scribere,

371 1601 424 1658 nisi
452 1615 514 1658 cum
544 1598 642 1662 notitia
664 1605 811 1671 parentum
831 1605 878 1654 aut
903 1598 1005 1670 judicis
1026 1598 1122 1671 quiin
1144 1599 1206 1654 loco
1228 1597 1327 1661 luorit;
1354 1603 1380 1651 et
1400 1596 1424 1651 si

371 1698 452 1756 aliter
472 1697 578 1774 facerit,
600 1697 661 1768 ipsa
682 1695 804 1752 venditio
821 1711 913 1752 sacua
930 1696 982 1764 sit,
1017 1700 1045 1750 at
1064 1697 1185 1768 prelatos
1205 1695 1293 1751 scriba
1313 1695 1348 1750 sit
1367 1695 1428 1749 cul·

371 1795 468 1869 parilis
488 1795 559 1852 sicut
578 1793 627 1867 qui
647 1794 751 1850 canuto
772 1792 839 1849 falsa
859 1793 978 1865 scripsit,
1001 1793 1072 1848 sicut
1091 1809 1181 1865 snpra.

692 1931 841 1982 'nxnnrcrr
863 1943 900 1981 nn
922 1941 995 1983 anno
1017 1941 1087 1984 varra.

616 2117 621 2142 ³
647 2126 774 2181 racrrrr
791 2129 836 2202 nn
856 2127 950 2180 anuo
970 2111 1148 2179 nnoncrnc
1193 2117 1194 2124 ‘

618 2252 750 2316 (Kalendis
775 2255 889 2312 martiis,
916 2265 982 2302 anno
1002 2252 1179 2314 nccxxltt.)

644 2414 647 2428 .
697 2373 889 2438 VOLUMEN
912 2375 1099 2450 QUINTUM.

451 2516 587 2586 Quoniam
602 2519 709 2588 puidam
725 2519 846 2588 superius
865 2519 896 2573 iu
912 2519 959 2573 lac
974 2518 1067 2574 Edisti
1083 2534 1190 2588 corpora
1207 2534 1248 2585 ea,
1267 2533 1335 2587 quac
1349 2517 1429 2572 aclis

370 2626 394 2673 ct
414 2617 512 2671 uostris
527 2616 665 2685 iudicibus
684 2616 726 2670 cal
745 2618 837 2672 calais
857 2615 1046 2687 Laapolortlis
1067 2631 1186 2687 coaprua
1203 2622 1369 2686 paruerunt,
1393 2616 1428 2668 iu

369 2720 496 2785 quattuor
515 2712 694 2769 voluminibus
714 2714 861 2784 adjuapcrc
882 2715 1033 2769 curavimus
1044 2734 1056 2777 .·,
1075 2721 1099 2768 et
1119 2730 1192 2769 auac
1218 2714 1242 2767 si
1262 2713 1359 2782 aliquit
1374 2728 1428 2781 pro

369 2813 456 2884 pultis
476 2817 565 2866 acslrc
585 2811 733 2866 salamari
753 2811 842 2866 adhuc
862 2813 969 2866 adicere
986 2829 1136 2882 possumus,
1160 2813 1294 2866 medemur
1313 2826 1364 2880 pro
1383 2811 1429 2863 lis

369 2906 422 2963 nu
441 2909 628 2974 misericordia
647 2909 775 2979 adipisci,
789 2891 828 2964 set
848 2911 1050 2964 retributionem
1069 2915 1206 2963 octauam
1235 2909 1269 2962 ab
1289 2910 1347 2978 ipsc
1367 2904 1428 2961 Do-

369 3007 443 3062 mlao
463 3002 558 3061 rasti
576 3001 731 3062 GHHISTO
751 3007 925 3062 nihilomiuus
943 3008 1100 3077 mamertia.
1124 3002 1198 3077 Erpa
1217 3007 1248 3060 ia
1266 3003 1317 3058 Dei
1338 3005 1428 3059 amai-

367 3104 483 3175 pctcatis
501 3104 609 3158 amnica
629 3119 676 3174 apo
696 3105 743 3173 qui
762 3119 846 3174 supra
862 3103 1066 3174 L'iatpraad
1086 3105 1172 3174 pastis
1183 3097 1430 3173 Laapobartlcrum

369 3217 429 3268 rec,
451 3202 622 3272 aauorcpai
641 3203 704 3269 ma,
726 3199 784 3256 Dea
803 3205 971 3272 protopaute,
1001 3202 1155 3265 uadedmo,
1186 3203 1230 3255 (lic
1249 3199 1430 3254 luendarum

289 3323 293 3332 ,
370 3299 548 3364 martiarum,
571 3299 719 3353 indictione
739 3305 833 3362 scala,
868 3285 917 3353 lucc
937 3299 1034 3354 iturum
1053 3301 1084 3354 ia
1105 3301 1198 3368 quinto
1218 3299 1351 3352 columina
1372 3297 1428 3350 uti-

365 3397 480 3467 juupcrc
500 3397 662 3462 curavimus,
684 3395 715 3449 id
736 3403 773 3450 est
1334 3374 1336 3380 ’

452 3524 537 3599 (Kar.
562 3525 680 3608 primo.)
703 3528 768 3584 8⁰·
792 3527 832 3582 lle
853 3526 896 3582 his
918 3526 1026 3582 leminis
1043 3544 1113 3599 quac
1127 3528 1252 3583 velamen
1270 3533 1362 3584 sancte
1383 3543 1429 3582 re·

370 3624 483 3697 ligionis
504 3624 667 3696 suscipiunt,
690 3631 737 3680 aut
758 3642 828 3698 quae
849 3643 864 3680 a
888 3626 1047 3698 parentibus
1067 3626 1123 3681 suis
1138 3626 1198 3682 lico
1221 3625 1356 3693 vovintur,
1378 3630 1430 3680 aut

371 3722 430 3796 ipsc
451 3739 480 3784 sc¹
501 3723 614 3793 elegunt
633 3723 778 3792 religionis
799 3724 912 3793 habitu,
942 3730 989 3780 aut
1009 3731 1111 3781 restam
1132 3724 1288 3794 monastiga
1308 3724 1428 3779 induere

371 3821 506 3898 vcdcntur
527 3836 696 3894 quamquam
717 3838 732 3877 a
753 3820 897 3876 sacerdota
918 3829 1079 3892 consegrata
1102 3839 1158 3876 non
1180 3823 1251 3890 sint,
1276 3803 1322 3878 xsic
1344 3823 1428 3878 nobis

368 3919 471 3993 justum
492 3919 583 3991 paruit
602 3935 661 3974 esse
682 3934 732 3990 pro
749 3917 800 3974 llci
817 3935 922 3982 amora,
947 3926 976 3974 ut
997 3919 1027 3974 in
1049 3919 1108 3992 ipso
1130 3919 1225 3976 habitu
1247 3921 1274 3976 in
1295 3920 1428 3976 omnibus

371 4025 563 4092 perseverent,
596 4033 647 4073 nec
679 4017 715 4073 sit
735 4018 874 4096 excusatio
906 4017 970 4073 mali
992 4017 1150 4074 hominibus
1176 4019 1315 4092 dicando,
1348 4019 1428 4090 quod

371 4123 476 4174 sacrato
497 4133 555 4171 non
576 4121 649 4186 sunt,
672 4114 736 4174 idco
758 4116 781 4171 si
802 4115 967 4188 copolantnr
987 4117 1068 4188 culpa
1090 4133 1148 4172 non
1169 4116 1290 4181 habcnt3
1313 4115 1371 4184 scd,
1395 4124 1429 4172 ut

372 4231 455 4287 supra
475 4214 666 4288 promisemns,
689 4231 759 4288 quac
784 4215 865 4270 talem
886 4213 998 4284 signum
1018 4230 1101 4286 super
1120 4230 1166 4283 sc,
1188 4215 1217 4270 id
1238 4221 1279 4270 est
1298 4216 1426 4270 velamen

373 4319 400 4369 ct
428 4319 501 4368 vesta
522 4319 615 4368 sancta
636 4312 688 4368 Ilei
711 4311 872 4368 Genetriccs
892 4312 1053 4380 MARIAE,
1086 4329 1261 4385 quocumque
1288 4313 1372 4383 genio
1393 4312 1426 4368 in

373 4427 403 4468 sa
423 4409 595 4482 suscipiunt,
618 4415 645 4466 et
664 4415 761 4483 postea
781 4409 1004 4476 adsacoularcm
1025 4409 1107 4466 nam
1128 4411 1170 4468 vel
1192 4410 1287 4468 habitu
1308 4410 1426 4468 transire

375 4507 524 4565 nullatinus
554 4513 700 4582 presumat.
743 4507 814 4577 Quia
845 4508 1021 4564 considerare
1049 4505 1123 4566 dovit
1144 4525 1239 4564 amites
1265 4508 1423 4576 cristianus,
