3170 5218
1122 518 1163 578 15

159 691 241 770 apud
257 691 485 771 Langobardos,
513 709 568 771 pes
592 710 665 752 vero
689 691 856 772 quadratus
880 711 920 754 ex
940 713 973 756 se
989 694 1058 774 ipso
1074 695 1163 775 inep-

157 811 206 865 tus
229 811 275 864 est
299 803 337 864 ad
362 803 587 865 aestimandum
602 805 734 883 pretium
751 805 854 885 operis
869 804 1025 868 fornicati:
1044 815 1164 888 postre-

158 935 242 976 mum
266 924 370 978 tamen
395 915 584 996 praeferam,
617 917 737 978 adiecta
767 914 933 1000 hypothesi
957 937 1083 980 arcuum
1106 939 1164 999 per

156 1027 247 1088 unius
281 1027 384 1090 lateris
416 1029 650 1091 crassitudinem
681 1048 805 1109 sempor
832 1037 1026 1091 structorum.
1085 1031 1162 1092 Nam

157 1149 391 1203 connumeratae
420 1141 517 1212 cellae
549 1141 761 1223 Langobardis
790 1159 872 1222 pene
901 1141 1035 1222 ignotae,
1069 1142 1163 1204 iorni·-

154 1272 289 1334 cumque
322 1274 393 1316 usus
421 1253 564 1316 fenestris
600 1262 630 1317 et
666 1255 766 1317 ianuis
796 1254 1011 1335 cooperiendis
1043 1261 1161 1316 tantum

154 1374 306 1440 servatura,
333 1368 364 1427 in
387 1367 500 1448 quibus
522 1375 699 1430 constantes
723 1385 886 1430 mensurae
910 1385 967 1448 pro
989 1367 1161 1430 domestico

156 1499 254 1552 more,
280 1487 427 1541 constans
446 1479 560 1560 etipsa
579 1499 668 1542 arcus
688 1480 873 1553 crassitudoa
900 1480 971 1542 deta
984 1478 1160 1563 hypothesi,

160 1600 349 1655 evanescunt
372 1592 578 1658 difficultates.
626 1593 763 1674 Ingentis
786 1593 878 1674 pretii
902 1612 1026 1655 causam
1049 1590 1158 1664 babes,

157 1704 267 1772 lactor,
293 1705 325 1766 iu
347 1705 499 1768 fornicum
523 1706 706 1768 necessariis
734 1706 940 1769 armamentis.

246 1819 389 1880 Notanda
413 1839 474 1882 vox
490 1821 602 1879 nabent
614 1819 751 1880 radicem
767 1817 946 1899 praeferens
965 1819 1057 1881 italici
1076 1818 1163 1880 verbi

157 1932 263 1990 cultore
286 1950 326 1989 un
348 1949 427 2004 orco,
454 1931 507 2011 qui
531 1930 653 1993 dicendi
671 1931 778 1992 modus
799 1929 1067 2010 frequentissimus
1080 1931 1162 2017 apud

158 2043 325 2123 scriptores
348 2041 462 2104 saeculi
486 2042 558 2103 XIV
582 2050 613 2104 et
635 2043 843 2123 sequentium,
870 2043 1006 2123 itemque
1029 2041 1161 2122 optimus

159 2163 190 2217 et
211 2154 424 2235 praeseferens
448 2162 583 2228 metum,
622 2162 655 2216 ut
677 2153 719 2216 ita
743 2155 862 2227 dicam,
889 2153 1015 2235 parietis
1039 2172 1073 2214 se
1097 2128 1179 2216 rol-⁰

158 2267 257 2328 ventis
281 2287 400 2328 sursum
424 2277 457 2328 ut
481 2266 680 2347 semetipsum
704 2267 833 2328 adverso
858 2267 1032 2347 coniungat.
1064 2266 1162 2329 Voca-

158 2377 231 2440 bulo
254 2387 316 2440 tam
339 2367 515 2442 necessario
539 2379 674 2441 caruisse
690 2380 844 2440 Romnum
867 2378 1050 2441 incredibile
1072 2381 1157 2460 puto,

157 2498 261 2553 tamen
289 2493 327 2553 ad
358 2511 414 2554 nos
439 2511 500 2553 non
523 2491 676 2572 pervenit,
702 2499 733 2553 et
762 2492 801 2554 de
824 2490 878 2552 illo
901 2491 998 2553 tacuit
1017 2491 1087 2572 ipse
1110 2491 1163 2552 Vi-

158 2605 290 2672 truvius.
323 2606 376 2686 qui
411 2606 442 2666 in
474 2605 663 2666 Graecorum
683 2604 860 2686 praeceptis
884 2604 1011 2667 studens
1041 2611 1072 2666 et
1094 2603 1161 2686 ipsu

156 2717 323 2799 praecipue
349 2737 475 2781 suorum
504 2737 600 2798 opera
627 2733 779 2798 persaepe
810 2716 973 2800 ignorarit.
1031 2715 1161 2780 Ovidius

155 2838 260 2892 tamen
284 2828 370 2907 (Met.
395 2831 447 2891 llI.
475 2830 550 2907 159)
573 2829 668 2892 habet
691 2832 790 2891 ducere
812 2849 918 2913 arcum*
934 2879 1042 2896 ......

736 3045 813 3105 Nam
837 3042 958 3123 pumice
982 3042 1052 3103 vivo

244 3159 283 3219 Et
305 3157 423 3220 levibus
447 3157 549 3238 tophis
574 3157 711 3218 nativum
735 3156 864 3217 duxerat
892 3174 1007 3216 arcum.

244 3288 277 3349 Si
302 3307 367 3350 cero
395 3291 530 3348 mutatas
559 3288 736 3367 σαρθίῐαυενὲε
758 3287 879 3364 majores
902 3287 1035 3356 minores,
1062 3288 1159 3364 capite

155 3402 256 3478 ctptati
274 3417 327 3480 per
348 3404 480 3465 trecense.
504 3400 649 3463 Materies
673 3418 690 3460 a
714 3399 964 3469 tatianorum,
990 3414 1071 3478 quae
1095 3415 1158 3459 vox

158 3520 204 3573 est
234 3513 343 3592 optimi
373 3514 461 3586 aevi,
496 3531 619 3594 quaque
650 3509 803 3594 significat
834 3509 980 3592 Ulpianus
1013 3508 1107 3592 ligna*
1122 3512 1162 3573 nd

156 3625 336 3687 struendum
358 3625 610 3706 fulciendumque
634 3631 715 3704 apta.
755 3624 838 3685 unde
860 3621 990 3703 hispana
1014 3641 1076 3684 vox
1100 3643 1164 3683 ma·

158 3739 233 3799 dere
281 3736 418 3799 Verbum
442 3739 579 3816 repellero
606 3755 700 3817 saepe
742 3735 827 3798 hisce
850 3735 882 3796 iu
906 3734 1027 3816 legibus
1057 3755 1164 3797 occur-

158 3851 206 3916 rit,
234 3856 355 3911 servata
378 3866 501 3930 semper
524 3847 748 3930 significatione
772 3846 922 3910 caedendi
937 3845 988 3907 rel
1005 3846 1160 3908 evellendi

158 3957 207 4038 (ef.
233 3961 398 4044 Margarini
422 3963 497 4029 uter,
522 3961 609 4039 Loup.
631 3955 699 4038 tt),
726 3962 765 4022 ab
789 3977 891 4040 eoque
914 3959 1081 4020 deductum
1102 3959 1161 4022 ita-

158 4073 251 4135 licum
283 4076 472 4153 scnpitcnzcra
495 4075 545 4136 vel
569 4076 761 4152 ccpdowore,
796 4080 927 4152 utraque
950 4070 1085 4133 radicem
1108 4071 1164 4132 ha·

156 4185 261 4248 bentia
284 4187 316 4248 iu
339 4186 436 4250 latino
461 4187 632 4267 capitalem:
666 4184 725 4245 hoc
747 4201 823 4246 raro
846 4182 879 4244 iu
902 4182 973 4244 loco
996 4183 1161 4264 perspicue

158 4299 310 4380 significat
343 4316 470 4380 operam
503 4296 651 4362 caedendi
685 4293 797 4375 tigilla·
818 4294 934 4357 maiora
966 4302 997 4356 et
1031 4296 1162 4368 minora,
