3172 5228
483 509 762 560 nonannoeane
778 527 804 542 -—
817 511 866 556 aro.
955 583 956 588 ἵ
1156 497 1199 563 tt

147 667 181 718 nt
197 659 351 723 medioeres
372 661 467 734 spade.
510 663 581 738 Nam
599 663 706 737 sipost
725 663 815 738 ipsum
832 665 974 738 jactaverit
994 673 1023 726 et
1043 683 1107 724 anm
1127 667 1200 725 onni-

148 758 229 825 derit,
253 760 351 818 reddat
370 759 538 842 lerqnidnrn,
561 761 590 818 id
612 768 654 818 est
674 761 809 820 senilem.

225 859 309 918 881.
352 857 383 915 Si
414 857 476 931 quia
492 849 603 921 'eanem
629 858 751 916 alienam
777 865 888 916 nantem
917 868 965 916 aut
991 860 1019 918 in
1048 861 1122 918 diem
1151 862 1200 918 da·
1227 914 1230 924 .

146 969 244 1024 mnnm
260 953 407 1017 facientem
428 954 457 1013 in
476 971 570 1024 ¹pansam
589 971 669 1016 snam
687 956 834 1026 invenerit,
856 957 880 1012 si
900 973 963 1016 eum
976 959 1118 1024 occiderit,
1140 977 1200 1018 non

146 1051 320 1124 requiratur3
343 1061 371 1110 et
390 1051 412 1110 si
435 1052 615 1112 occisnsnon
634 1053 726 1119 luerit,
747 1054 881 1117 damnum
897 1053 973 1128 qnod
993 1055 1090 1120 lecerit
1110 1058 1200 1117 domi·

147 1165 199 1210 nno
220 1150 279 1223 eins
299 1151 406 1222 reddat.
692 1203 694 1210 ⁴

157 1313 159 1323 ,
226 1250 312 1317 888.
325 1245 387 1322 (De
405 1265 488 1306 onaan
505 1247 699 1322 prianootom.)
728 1247 756 1304 Sl
778 1249 840 1320 quis
860 1251 1023 1322 percusserit
1044 1268 1123 1310 reeca
1146 1252 1201 1326 pri·

146 1352 289 1416 quantem,
312 1352 340 1402 et
359 1346 543 1412 abortaverit,
570 1353 711 1419 conponat
738 1346 862 1404 tremisse
884 1363 956 1412 nnor
985 1354 1012 1406 et
1040 1348 1062 1404 si
1092 1331 1198 1406 mortun

146 1443 237 1512 inerit,
260 1443 358 1500 reddat
378 1459 440 1500 eam
460 1443 578 1516 qualiter
598 1443 749 1517 adpretiata
770 1442 862 1510 luerit,
885 1444 967 1519 simpl
988 1451 1017 1504 et
1038 1462 1131 1518 penus.

226 1542 316 1600 88⁸0.
334 1539 388 1611 (De
409 1557 477 1611 eqon
502 1539 668 1614 pripaoote.)
709 1539 827 1613 Siquis
852 1543 1018 1614 percusserit
1043 1560 1113 1617 eque
1144 1544 1200 1616 pri·

146 1644 249 1708 qnante
269 1645 297 1694 et
313 1639 440 1696 abortum
455 1638 561 1708 lecerit,
580 1644 726 1712 eooponat
739 1639 859 1700 solidum
876 1656 977 1706 nnuma
1000 1649 1028 1698 et
1047 1642 1070 1700 si
1091 1650 1199 1714 mortua
1231 1656 1232 1660 ’

146 1733 238 1804 luerit,
261 1735 340 1793 redal
359 1752 431 1804 eam,
452 1737 534 1794 simul
555 1744 582 1794 el
602 1753 698 1810 penus.
967 1781 968 1788 1
1087 1774 1092 1792 .

223 1835 310 1892 884.
332 1831 387 1905 (De
407 1836 507 1892 anolo
523 1833 694 1910 poponem.)
735 1833 766 1892 Si
793 1833 855 1908 quis
882 1837 1048 1906 percusserit
1068 1838 1199 1898 ancillam

53 2005 56 2009 Ι
143 1931 285 2006 pavidam
298 1937 327 1988 et
340 1939 464 1990 avortnm
475 1933 580 1998 lecerit,
594 1939 735 2007 conponat
745 1932 849 1989 solidos
865 1939 935 2000 tres;
954 1933 977 1992 si
988 1941 1080 1990 antem
1090 1953 1124 1990 nx
1139 1935 1199 2008 ipsa

146 2044 308 2101 percussura
330 2036 437 2092 morlna
458 2031 550 2098 luerit,
573 2038 715 2104 conponat
731 2047 802 2098 eam,
825 2029 907 2090 simul
927 2039 955 2090 et
975 2032 1051 2106 quod
1071 2033 1100 2090 in
1118 2040 1197 2097 utero

146 2125 205 2198 ejus
226 2133 350 2196 mortuos
371 2135 421 2186 eet.
1033 2171 1034 2176 η

224 2224 312 2283 338.
333 2222 385 2300 (De
405 2227 522 2284 animale
544 2224 700 2298 noranta.)
723 2225 774 2284 ¹Si
790 2227 878 2299 lopus
906 2225 1054 2286 animalem
1077 2227 1199 2308 alienum

144 2320 286 2393 onolderil,
310 2330 340 2389 et
357 2321 457 2396 aliquis
477 2339 539 2380 eum
561 2324 700 2380 nesciente
716 2322 837 2380 ¹domino
859 2324 1056 2392 excoriaveril,
1069 2330 1107 2381 -et
1120 2327 1199 2400 xarela-

145 2421 224 2488 verlt,
241 2427 268 2478 et
277 2436 327 2494 per
337 2420 658 2493 proditoreminrentnm
668 2421 760 2487 inerit,
770 2429 912 2495 eorrponat
924 2421 1028 2478 solidos
1038 2422 1194 2485 duodicem.

226 2519 316 2575 886.
352 2517 382 2574 Si
402 2517 431 2574 in
454 2519 557 2602 flumen
570 2518 674 2577 ¹animal
690 2526 831 2578 mortuum
851 2520 934 2580 inerit
953 2527 999 2576 ant
1019 2519 1197 2593 unicumque,

145 2621 173 2670 et
199 2615 284 2673 alium
312 2616 454 2679 hominem
482 2616 559 2688 euius
589 2634 646 2678 non
668 2618 725 2678 luit
745 2634 809 2696 enm
829 2618 1024 2688 emanaverit,
1057 2625 1199 2692 conponat

62 2701 66 2710 '
144 2711 249 2771 solidos
269 2729 318 2774 xor.

175 2849 177 2856 ι
225 2812 308 2871 Μ.
331 2810 383 2884 (De
403 2813 506 2868 manlio
524 2809 659 2885 plopoto.)
700 2812 731 2869 Si
760 2812 823 2887 qnis
849 2793 982 2872 cavallum
1008 2813 1130 2873 alienum
1150 2831 1199 2872 au·

145 2925 204 2964 rem
227 2917 274 2980 apt
294 2910 404 2967 oculum
425 2909 575 2968 excusserit
594 2918 641 2968 ant
661 2909 783 2983 aliquam
798 2909 933 2968 lesionem
950 2911 1195 2983 eorporisleeerit,

145 3007 267 3079 rqoeplat
292 3007 384 3079 ipsum
407 3007 456 3080 qni
485 3009 557 3069 lesos
578 3007 665 3066 laotos
685 3015 744 3074 eat,
782 3014 809 3063 et
836 3007 934 3064 reddat
954 3006 979 3063 ei
1006 3007 1145 3081 terquino,
1168 3009 1196 3066 id

145 3110 188 3160 est
207 3103 343 3166 semilem.
773 3159 775 3164 .

225 3203 312 3266 888·
339 3198 392 3276 (Da
415 3204 486 3270 leode
506 3199 623 3274 canali.)
665 3200 694 3258 Si
721 3201 783 3274 qnis
813 3201 947 3269 cavallum
973 3197 1095 3262 alienum
1122 3201 1196 3258 enda

145 3299 340 3372 nappelaverit,
361 3298 389 3354 in
411 3305 452 3355 est
472 3304 530 3355 seta
550 3304 667 3364 tantum,
691 3305 836 3372 conponat,
853 3297 958 3364 solidos
978 3313 1036 3354 sex.
1050 3342 1057 3351 ‚a

152 3443 157 3447 .
226 3396 316 3454 889·
358 3395 387 3452 Si
419 3396 480 3468 quis
506 3396 642 3455 caballum
669 3396 789 3454 alienum
810 3395 960 3470 plagaverit
979 3401 1026 3452 ant
1046 3393 1138 3468 aliqua
1158 3397 1197 3452 le-

144 3493 253 3560 sionem
274 3492 378 3562 lecerit,
400 3498 466 3550 tnnc
485 3493 614 3550 dominns
633 3493 708 3554 illins
720 3494 816 3552 cavalli
828 3494 948 3553 retradal
962 3494 1096 3552 cavallum
1106 3495 1196 3566 ipsum

144 3590 185 3648 illi
202 3590 315 3646 hamoni
336 3590 383 3663 qni
404 3591 429 3646 ei
442 3590 576 3648 lesionem
589 3590 664 3662 lecit,
683 3597 717 3652 et
735 3591 793 3664 ipse
809 3607 871 3648 eum
892 3593 981 3658 sanit3
1004 3597 1032 3650 et
1051 3591 1117 3648 dnm
1137 3589 1198 3664 ipso

144 3704 243 3747 sanare
264 3688 393 3761 potnerit,
416 3687 457 3744 dit
476 3688 517 3744 illi
538 3703 588 3745 sno
602 3689 714 3762 proprio
735 3690 851 3760 oarallo,
873 3691 992 3762 qualiter
1012 3695 1196 3762 nsqnetsnam

144 3785 227 3842 saciat
247 3785 401 3844 utililatem.
442 3786 478 3842 Et
504 3785 526 3842 si
548 3788 666 3844 cavallus
687 3787 735 3859 qni
755 3789 828 3844 lesus
849 3787 907 3842 luet
926 3787 961 3843 ad
982 3787 1126 3858 pristinam
1143 3773 1197 3842 re·

145 3884 230 3940 dierit
249 3883 402 3948 sanitatem,
425 3883 524 3940 reddat
539 3883 631 3956 ipsum
649 3884 762 3957 proprio
777 3883 909 3950 dnmln0‚·
932 3883 955 3940 si
971 3890 1061 3941 antem
1082 3899 1116 3938 ex
1135 3883 1196 3955 ipen

145 3982 283 4038 lesionem
304 3986 426 4038 mortono
448 3979 538 4050 inerit,
561 3980 659 4045 reddat
679 3981 764 4038 alium
785 3981 918 4039 senilem.
947 3981 983 4037 Et
1001 3979 1023 4035 si
1045 3979 1198 4052 contegerit

142 4087 173 4148 nt
199 4079 259 4152 ipse
280 4078 397 4136 cavallus
426 4077 475 4152 qni
499 4077 659 4151 pigneratus
689 4085 731 4136 est
757 4085 820 4150 poet
838 4080 930 4151 ipsum
950 4075 1107 4147 manarum·
1128 4085 1194 4135 tune
1230 4145 1233 4156 ‚

143 4173 291 4232 salist'aeiat
317 4171 366 4229 ille
392 4174 441 4247 qni
471 4191 535 4232 enm
554 4173 730 4249 pigneratum
759 4174 874 4242 habuit,
907 4175 930 4232 si
957 4174 1079 4248 pulsatus
1099 4174 1191 4242 luerit,

145 4271 278 4345 quianon
291 4287 341 4343 per
353 4271 427 4328 illins
437 4274 564 4344 neglecto
575 4278 698 4330 mortuos
716 4274 791 4342 lnet3
814 4279 909 4349 postea
921 4273 1048 4334 nnllasit
1056 4273 1194 4348 repetitio.

224 4371 315 4428 84⁰.
358 4367 388 4426 Si
409 4370 471 4443 quis
492 4372 626 4436 cavallum
647 4371 769 4428 alienum
795 4370 971 4442 ascenderit,
1000 4375 1029 4427 et
1056 4370 1128 4430 infra
1155 4370 1195 4428 vi·

144 4464 218 4524 ninia
239 4472 345 4524 tantum
366 4467 573 4540 eataleqaverit,
596 4467 625 4526 id
646 4473 687 4526 eet
702 4482 794 4544 prope
814 4466 905 4544 ipsum
926 4469 1033 4540 vinnm,
1055 4472 1195 4542 conponat
