3208 5222
345 444 370 511 8
742 467 897 512 nonnosus
922 465 1013 516 usus

351 617 499 688 celeberit,
529 623 671 690 conponat
690 618 852 690 parentibus
872 618 974 674 mortui
994 617 1099 674 solidos
1120 631 1200 677 cxxx.
1242 614 1280 672 Et
1297 615 1320 672 si
1342 630 1405 672 eum
1426 621 1448 658 ἱ

350 715 488 798 invenerit
509 722 536 771 et
557 715 758 787 expoliaverit,
788 723 816 772 ei
841 732 905 772 mcx
925 714 1062 772 vicinibus
1084 713 1259 786 patefecerit,
1287 719 1321 772 et
1341 729 1407 783 cog·

350 814 473 871 nuscitur
494 815 570 887 quod
592 829 642 885 pro
664 813 800 870 mercedis
821 830 950 882 causam,
981 829 1046 869 nam
1062 821 1132 868 'non
1160 811 1270 868 lucendi
1298 810 1404 879 animo,

350 913 449 968 reddat
475 913 563 983 spolia
591 928 658 985 quas
678 927 762 984 super
783 927 846 967 eum
868 899 993 980 invenit,
1027 918 1054 966 et
1081 911 1198 984 amplius
1222 909 1247 966 ei
1268 907 1407 966 calomnia
1427 925 1451 960 c.

351 1026 407 1065 non
429 1016 587 1079 generetur,
1418 1027 1475 1108 ‘i'

430 1108 484 1163 ld.
527 1106 556 1162 Si
578 1105 639 1178 quis
661 1121 695 1162 ex
711 1105 868 1164 'baronibus
894 1105 996 1162 nostris
1025 1106 1061 1162 ad
1082 1121 1133 1161 nos
1153 1105 1271 1162 voluerit
1296 1104 1403 1168 venire,
1429 1155 1437 1166 ᾗ

350 1219 462 1260 securos
483 1202 589 1268 veniat,
618 1211 646 1258 et
672 1202 776 1258 inlesus
797 1203 832 1258 ad
852 1218 917 1258 suos
943 1210 1111 1267 revertatur3
1142 1203 1234 1260 nullus
1255 1203 1289 1258 de
1310 1203 1407 1260 adver·
1425 1217 1443 1244 ι

349 1301 436 1358 sarius
463 1300 505 1358 illi
533 1301 655 1373 aliquam
685 1299 714 1354 in
735 1299 842 1358 itenere
869 1300 970 1372 injurio
991 1307 1038 1356 aut
1058 1301 1212 1356 molestiam
1233 1300 1322 1356 iacere
1344 1317 1407 1373 pre-

349 1403 449 1456 sumat.
493 1398 613 1456 Tantum
635 1405 676 1454 est
696 1407 726 1453 ut
745 1397 793 1454 ille
815 1398 862 1470 qui
884 1399 919 1455 ad
939 1415 1034 1470 regem
1055 1398 1167 1456 festinet
1194 1398 1289 1454 venire
1310 1406 1408 1455 oneste

349 1491 450 1560 veniat,
475 1501 502 1552 et
523 1498 598 1553 nulla
620 1495 727 1554 lesione
746 1503 794 1552 aot
812 1497 944 1552 damnum
961 1496 1127 1570 cuicumque
1146 1496 1175 1552 in
1194 1495 1285 1568 ipsum
1301 1495 1406 1552 itenere

251 1631 252 1636 κ
349 1593 384 1650 ad
405 1608 500 1663 regem
522 1593 690 1649 veniendum
712 1600 759 1649 aut
775 1594 940 1651 rodlandum
959 1595 1055 1660 {aelate
1080 1611 1144 1650 nam
1164 1594 1187 1650 si
1209 1593 1315 1660 lecerit,
1337 1593 1408 1650 sicut

351 1690 447 1746 subter
467 1692 608 1747 adnexum
628 1697 669 1747 cst
690 1700 838 1763 conponat.
1426 1679 1459 1708 “²

429 1790 487 1846 18.
530 1789 559 1845 Si
588 1789 650 1861 quis
676 1805 711 1845 ex
731 1789 893 1846 adversariis
914 1807 1028 1847 monum
1049 1796 1183 1848 armatam
1208 1805 1291 1861 super
1311 1805 1408 1862 quem-

350 1901 469 1958 cumque
499 1886 534 1942 ad
556 1903 650 1957 regem
671 1886 828 1944 venientem
849 1887 992 1960 injecerit,
1024 1904 1101 1948 soum
1122 1887 1319 1968 iniuriamlaut
1340 1903 1408 1960 qua-

348 1985 523 2056 lemcumque
551 1986 660 2058 culpam
683 1984 897 2051 vindicandam,
927 2003 1015 2043 occec
1044 1986 1148 2043 solidos
1180 1985 1215 2042 sit
1244 1985 1404 2057 culparelis,

349 2081 526 2138 medietatem
548 2081 617 2152 regi,
639 2090 669 2138 et
690 2083 867 2140 medietatem
888 2084 932 2140 eui
954 2084 1083 2163 injuriam
1103 2083 1188 2140 inluta
1208 2083 1300 2141 luerit

428 2181 488 2236 lu.
531 2179 559 2236 Si
583 2179 645 2251 quis
666 2197 717 2252 pro
738 2180 869 2253 injuriam
889 2198 967 2238 suam
989 2181 1183 2238 vindicandam
1208 2197 1292 2254 super
1311 2197 1407 2252 qoem-

349 2293 467 2349 cumque
489 2294 573 2334 manu
594 2285 698 2334 armata
719 2287 765 2334 aut
787 2279 937 2336 exercitum
958 2295 1044 2352 osque
1073 2279 1108 2335 ed
1130 2286 1260 2350 quattuor
1280 2278 1407 2334 homenis

349 2374 378 2430 in
401 2374 461 2430 vico
483 2373 662 2445 intraremus,
686 2377 732 2432 ille
754 2374 831 2448 prior
851 2392 901 2448 pro
923 2376 1035 2434 inlecita
1056 2377 1245 2449 presumtione
1262 2375 1404 2443 moriatur,
1429 2355 1446 2430 i

350 2479 396 2529 aut
416 2477 490 2528 certe
511 2477 653 2544 conponat
673 2473 777 2529 solidos
799 2490 905 2541 occec,
936 2473 1112 2531 medietatem
1132 2475 1203 2546 regi,
1227 2481 1254 2532 et
1274 2473 1407 2530 medieta-

350 2577 405 2626 tem
426 2570 469 2625 cui
491 2569 620 2641 iniuriam
642 2570 757 2628 inlatam
778 2571 877 2636 luerit;
910 2579 937 2627 et
958 2572 997 2627 illi
1019 2573 1067 2645 qui
1088 2589 1150 2628 cum
1171 2573 1262 2645 ipsum
1284 2572 1404 2640 luerunt,

348 2667 370 2724 si
392 2666 473 2723 liberi
494 2674 578 2732 sunt,
608 2667 798 2741 unusquisque
820 2675 968 2740 octogenta
989 2671 1093 2728 solidos
1114 2679 1270 2744 conponat,
1302 2669 1406 2726 medie-

349 2771 433 2822 tatem
454 2763 532 2836 regi,
567 2771 594 2820 et
614 2765 791 2822 medietatem
811 2767 854 2823 cui
877 2767 1006 2840 injuriam
1029 2785 1155 2841 passum:
1188 2776 1303 2841 excepto
1330 2766 1404 2824 siin
1428 2763 1458 2804 θ’

348 2862 440 2935 ipsum
461 2863 551 2919 vicum
573 2880 647 2920 casas
663 2863 840 2920 incenderint
860 2853 1230 2932 authominemocciserint,
1254 2865 1406 2922 secundum
1434 2925 1444 2940 ,

349 2960 469 3033 qualiter
488 2961 677 3033 adpreciatum
695 2961 777 3018 inerit
794 2962 832 3018 ita
849 2971 1023 3035 conponatur
1039 2965 1090 3030 illl,
1115 2965 1191 3038 cuius
1208 2981 1283 3022 casas
1299 2965 1406 3020 incesas
1430 2978 1448 3004 ν

350 3057 432 3114 luerit
452 3065 499 3114 aut
519 3067 647 3132 paventes
669 3067 714 3116 aut
734 3076 828 3116 servus
851 3062 955 3125 occisus
977 3062 1067 3122 luerit.
1251 3125 1252 3132 ,

428 3158 493 3213 20·
536 3155 566 3212 Si
587 3157 649 3229 quis
670 3157 705 3214 ds
723 3158 916 3216 exercitalibus
937 3161 1038 3218 ducem
1058 3175 1138 3218 suum
1152 3160 1350 3233 contempserit
1370 3161 1405 3216 ad
1434 3181 1463 3219 e

345 3252 490 3324 justitiam,
514 3253 616 3325 vigenti
638 3255 742 3313 solidos
763 3257 823 3328 regi
844 3265 871 3315 et
892 3258 955 3314 doci
976 3275 1026 3315 suo
1048 3266 1221 3332 conponat„
1408 3269 1444 3300 Ἰ

428 3353 484 3407 21.
527 3351 555 3407 Si
585 3352 646 3425 quis
674 3353 703 3409 in
735 3354 886 3412 exercitum
912 3357 1053 3414 ambolare
1082 3356 1280 3431 contempserit
1308 3357 1404 3414 autin
1429 3366 1461 3400 οι

301 3486 306 3494 -
348 3449 450 3512 sculec,
474 3447 515 3504 dit
535 3448 594 3520 regi
616 3454 643 3505 el
663 3450 727 3507 doci
748 3468 798 3508 suo
820 3453 925 3510 solidos
946 3472 988 3512 rx.
1414 3471 1445 3510 o¹

426 3548 487 3602 Μ.
530 3546 559 3602 Si
582 3546 643 3619 quis
670 3549 705 3603 de
733 3549 823 3621 ipsum
850 3552 1002 3609 exercitum
1018 3553 1130 3627 ,docem
1150 3570 1228 3610 suum
1249 3553 1284 3610 ad
1301 3552 1405 3625 justam

348 3661 457 3703 causam
478 3647 699 3718 persequendam
720 3647 898 3719 denegaverit
918 3651 1035 3720 solacia,
1060 3652 1249 3724 unusquisque
1263 3658 1437 3723 conpuncti

347 3741 407 3814 regi
429 3747 456 3798 el
477 3743 540 3799 doci
561 3760 610 3800 suo
632 3743 737 3802 solidos
759 3745 867 3816 viginti.

427 3843 488 3899 28.
530 3841 558 3898 Si
583 3843 638 3898 dox
654 3843 837 3902 ,exercitalem
857 3862 936 3904 suum
958 3847 1144 3905 molestaverit
1162 3847 1281 3919 injuste,
1305 3848 1404 3920 pastal-

347 3939 409 3996 dius
432 3957 496 3996 eum
516 3941 639 4011 solaciet,
663 3959 808 4017 quousque
829 3944 863 4000 ad
886 3945 1070 4016 praesentiam
1089 3946 1149 4018 regi
1169 3953 1217 4004 aut
1242 3954 1318 4013 certe
1338 3951 1441 4020 opat>
1463 3955 1495 3980 ω

348 4038 447 4110 docem
467 4054 546 4094 suum
567 4039 755 4112 adjustitiam
776 4042 919 4114 perducat.

426 4137 488 4192 Μ.
531 4136 560 4192 Si
593 4138 743 4209 gastaldius
774 4140 952 4198 exercitalem
988 4157 1066 4198 suum
1094 4141 1281 4199 molestaverit
1306 4150 1403 4200 contra

347 4233 496 4304 rationem,
519 4234 575 4290 dux
596 4252 659 4292 eum
680 4237 803 4303 solaciet,
828 4255 971 4313 quousque
993 4239 1136 4296 veritatem
1155 4255 1232 4296 suam
1252 4239 1401 4297 invenerit.
1422 4253 1448 4312 ὁ

426 4331 488 4388 βᾶ.
531 4331 560 4388 Si
587 4333 649 4407 quis
678 4351 722 4392 res
748 4351 810 4392 suas
838 4337 873 4394 ab
895 4338 980 4396 aliom
1011 4338 1039 4394 in
1061 4337 1212 4395 exercitum
1233 4339 1401 4411 requisierit,

273 4493 276 4500 ¹
346 4435 375 4486 et
394 4429 514 4488 noluerit
534 4429 574 4487 illi
595 4433 730 4504 reddere,
765 4440 830 4490 tunc
855 4436 970 4494 ambolit
991 4437 1026 4492 ad
1048 4436 1165 4503 docem
1188 4437 1216 4492 et
1235 4436 1258 4492 si
1279 4435 1335 4493 dox
1355 4443 1402 4494 aut
