3172 5228
309 477 310 480 ’
365 482 434 560 ι88
474 519 476 524 -
645 482 678 512 ““
766 497 952 546 aromatum
974 496 1065 544 anon

471 645 528 729 (V.)
569 651 631 710 88.
671 649 713 705 De
735 647 820 706 serris
840 647 1000 720 fugacibus,
1027 647 1184 721 quiaujam‘
1197 655 1277 708 antea
1298 648 1450 722 capitulum

391 747 476 806 istum
496 747 652 811 adfiximus,
676 725 726 802 sed
746 761 803 802 non
826 752 868 802 est
887 745 1045 818 specialiter
1059 745 1163 802 dictum
1183 745 1212 802 iu
1234 747 1309 820 quali
1330 747 1451 818 spatium

393 846 523 904 dominus
544 845 603 919 ejus
624 862 688 928 enm
706 845 869 917 perquirere
891 844 1051 913 debeat,›ut
1065 843 1199 916 justitiam
1216 844 1297 902 saciat
1314 844 1364 916 qui
1384 860 1450 899 eum

373 952 378 965 ·
393 945 543 1017 conpellat.
565 943 653 1001 Modo
670 953 737 1000 voro
757 941 794 998 ita
806 941 1010 1014 prospeximus,
1033 949 1067 996 ut
1084 943 1107 996 si
1122 941 1206 1000 iurarit
1215 942 1244 998 in
1259 942 1452 1010 Beneventum

393 1042 489 1098 autin
511 1040 634 1114 Spoliti,
664 1041 766 1096 habeat
795 1039 919 1116 spacium
950 1038 1079 1095 dominus
1108 1039 1165 1112 ejus
1194 1039 1224 1094 in
1245 1039 1347 1096 mensis
1374 1047 1450 1103 tres;

393 1139 469 1212 qnod
489 1138 512 1194 si
533 1137 616 1196 luerit
635 1137 707 1194 intra
730 1137 850 1206 Tuscia,
884 1137 984 1192 habeat
1008 1120 1126 1210 spatium
1147 1137 1251 1194 mensis
1271 1137 1346 1202 ‹lnoa
1379 1145 1407 1192 et
1427 1137 1452 1192 si

392 1237 475 1294 luerit
495 1237 546 1293 ista
567 1241 644 1308 parte
665 1236 757 1308 Alpe,
790 1235 889 1290 habeat
916 1234 1037 1306 spatium
1058 1235 1277 1308 perquirendum
1304 1235 1340 1291 in
1354 1251 1451 1290 meuse

392 1352 460 1406 uno,
484 1340 512 1390 et
531 1333 613 1390 iaciat
630 1333 765 1405 justitiam
787 1332 812 1388 ei
834 1332 880 1405 qui
903 1347 967 1388 entra
987 1332 1121 1389 deservo
1141 1349 1192 1389 suo
1214 1333 1374 1406 conpellat..

472 1430 544 1507 (Vl.)
587 1433 651 1488 stt.
694 1431 723 1488 Si
745 1429 807 1503 quis
828 1430 940 1502 conjogi
961 1445 1026 1488 suae
1047 1438 1149 1488 metam
1170 1432 1237 1488 dare
1258 1431 1389 1500 voluerit,
1414 1429 1452 1485 ita

300 1545 303 1557 ‘
394 1531 475 1590 nobis
499 1530 604 1601 justum
625 1543 685 1586 esse
707 1527 875 1601 conparuit,
898 1535 929 1584 ut
949 1528 996 1584 ille
1018 1529 1065 1600 qni
1087 1535 1128 1584 est
1144 1527 1230 1600 judex
1251 1529 1351 1586 debeat
1371 1528 1450 1596 dare,

395 1629 418 1688 si
440 1627 567 1697 voluerit,
590 1626 620 1682 in
642 1627 746 1684 solidos
769 1641 849 1696 coto,
873 1625 991 1698 amplius
1012 1643 1085 1697 non,
1108 1627 1199 1683 minus
1221 1627 1362 1700 quomodo
1383 1641 1454 1685 oon·

393 1726 519 1792 venerit;
542 1732 570 1782 et
589 1725 690 1798 reliqui
713 1725 819 1782 novalis
839 1723 967 1780 homenis
988 1712 1193 1780 deveantssdare
1213 1725 1243 1780 in
1263 1724 1367 1781 solidos
1387 1740 1451 1792 ccc,
1474 1789 1477 1794 ⁴

394 1822 512 1896 amplius
534 1839 609 1890 noo;
632 1829 660 1880 et
679 1824 702 1881 si
721 1824 904 1896 quiscumque
925 1824 994 1882 alter
1014 1822 1099 1878 homo
1120 1822 1212 1878 minus
1231 1822 1357 1890 voluerit,
1382 1837 1455 1893 quo-

394 1921 479 1980 modo
496 1920 673 1980 ‘convenerit
716 1923 753 1978 llt
784 1922 844 1994 ipsa
874 1927 947 1977 meta
978 1921 1030 1976 sub
1057 1919 1249 1976 aestimatione
1273 1919 1403 1976 fiatdata
1424 1925 1455 1974 et

394 2018 581 2092 adpraetiata,
613 2025 644 2075 ut
665 2020 742 2075 nullo
763 2025 888 2092 tempore
909 2019 1011 2076 exinde
1032 2017 1198 2074 intentionis
1218 2024 1265 2074 aut
1285 2016 1454 2073 causationis

393 2117 555 2192 procedant.
1154 2127 1157 2133 ’
1312 2097 1314 2102 ’

475 2211 567 2288 (VII.)
593 2193 663 2270 99.Ι
683 2212 714 2269 Si
735 2212 798 2285 quis
818 2229 862 2270 res
884 2213 1007 2284 alienas,
1030 2221 1122 2279 casas,
1146 2220 1193 2270 aut
1211 2219 1314 2280 terras,
1337 2217 1385 2268 aut
1403 2227 1455 2283 pe·

395 2311 495 2381 cunia,
519 2318 565 2366 aut
585 2310 704 2372 familias
725 2312 798 2367 malo
821 2311 920 2367 ordine
941 2311 1113 2384 possederit,
1137 2317 1164 2365 et
1184 2327 1234 2383 per
1254 2312 1344 2380 legem
1364 2315 1393 2364 et
1408 2309 1456 2380 ju-

394 2409 497 2466 stitiam
517 2415 545 2464 et
565 2408 770 2481 perjudicium
791 2409 892 2465 exinde
912 2407 999 2466 rictus
1029 2415 1056 2466 et
1087 2410 1217 2480 expulsus
1246 2407 1345 2478 suerit,
1376 2406 1455 2463 aliud

395 2507 497 2564 exinde
518 2522 576 2568 non
597 2513 749 2579 conponat,
773 2507 827 2563 nisi
848 2512 921 2562 retro
944 2515 1053 2580 tempos
1076 2507 1175 2562 reddat
1195 2505 1281 2576 lrugis
1301 2512 1329 2560 et
1348 2505 1456 2560 laboris

394 2605 446 2662 sub
474 2609 648 2674 sagramento
680 2604 715 2660 ab
745 2603 794 2659 illo
823 2603 886 2660 diae
908 2605 984 2676 quod
1015 2605 1117 2661 exinde
1143 2598 1312 2675 conpellatio
1334 2603 1405 2658 iacta
1426 2609 1456 2658 ot

395 2701 576 2764 manetestata
594 2708 648 2758 est.

461 2796 579 2872 attin.)
621 2800 681 2857 91.
713 2799 755 2854 lle
783 2797 878 2855 scrivis
899 2799 1183 2873 hoo;prospeximus,
1215 2797 1313 2871 utqui
1334 2797 1455 2853 cartulas

394 2897 517 2956 scribent
546 2895 607 2952 sibe
639 2913 655 2952 a
682 2897 774 2966 legem
804 2897 1069 2968 Langobardorum,
1113 2897 1247 2971 quoniam
1280 2895 1457 2968 apertissima

396 3002 424 3054 et
444 3011 518 3068 pene
540 2993 670 3052 omnibus
691 2999 757 3052 nota
778 3001 835 3064 est,
850 2981 852 2986 ¹
867 2995 927 3051 sibe
949 2995 985 3052 ati
1005 2996 1212 3065 Romanorum,
1235 3011 1292 3051 non
1314 2993 1394 3050 aliter
1413 2992 1458 3048 fa-

395 3093 467 3162 ciat,
490 3091 544 3149 nisi
566 3091 708 3164 quomodo
730 3091 760 3147 in
781 3091 849 3164 ipsis
870 3092 978 3162 legibus
999 3099 1180 3172 camenctum
1213 3109 1277 3150 nam
1298 3099 1393 3152 contra
1415 3091 1458 3146 le-

387 3207 459 3262 gem
469 3189 717 3260 Langobardorum
739 3195 785 3244 aut
801 3189 990 3246 Romanorum
1013 3207 1071 3247 non
1088 3191 1218 3249 scribant.
1248 3189 1373 3258 Quodsi
1395 3203 1456 3242 non

313 3337 315 3342 ,
396 3289 498 3358 sciunt,
521 3287 696 3358 interrogent
716 3288 837 3354 alteros;
867 3294 896 3344 et
914 3287 937 3343 si
959 3304 1016 3343 non
1037 3295 1187 3360 potuerent
1205 3289 1279 3362 ipsas
1299 3289 1375 3357 leges
1393 3287 1458 3358 ple-

397 3387 470 3443 niter
490 3385 573 3455 seire,
596 3402 654 3441 non
676 3385 800 3444 scribant
819 3385 892 3458 ipsas
903 3388 1039 3442 cartulas:
1064 3371 1160 3460 etqui
1180 3388 1259 3443 aliter
1280 3387 1370 3443 iacere
1391 3400 1458 3456 pre-

397 3489 590 3556 sumpserant,
613 3489 754 3555 conponat
775 3483 914 3554 widrigild
936 3493 1024 3543 sunm.
1065 3485 1189 3556 Excepto
1220 3485 1243 3540 si
1263 3483 1362 3556 aliquit
1380 3482 1458 3539 inter

398 3581 568 3640 conlibertus
584 3583 756 3650 convenerit,
779 3586 807 3636 et
827 3582 1010 3654 quiscumque
1031 3583 1148 3654 detege
1169 3599 1217 3638 sna
1238 3579 1458 3638 subdisoendere

398 3679 527 3750 voluerit,
550 3685 578 3734 et
597 3679 738 3751 pactionis
755 3686 803 3736 aut
819 3680 1022 3736 convenentias
1040 3681 1113 3736 inter
1133 3696 1162 3736 se
1176 3680 1308 3749 fecerent,
1332 3684 1359 3735 et
1373 3678 1458 3734 ambe

398 3777 484 3852 partis
505 3782 715 3847 consenserent,
738 3775 800 3862 isto¹
813 3794 871 3833 non
893 3777 1035 3850 inputetur
1050 3784 1145 3834 eontra
1160 3779 1261 3849 legem,
1285 3779 1351 3856 quia
1372 3777 1458 3833 ambe

398 3877 484 3950 partis
504 3874 675 3932 voluntariae
695 3873 820 3940 iaciunt;
844 3882 871 3932 et
891 3876 932 3932 illi
954 3875 1002 3948 qui
1024 3877 1092 3932 tales
1106 3877 1223 3933 cartolas
1240 3873 1374 3941 scribent,
1397 3875 1458 3930 cul-

398 3975 503 4058 pavelis
525 3989 583 4030 non
604 3971 782 4030 inveniantur
803 3989 872 4031 csse.
911 3973 982 4030 Nam
1003 3974 1079 4046 qnod
1100 3975 1134 4030 ad
1149 3974 1369 4031 'hereditandum
1389 3955 1480 4046 per-¹

259 4082 262 4091 '
322 4089 323 4093 ¹
369 4073 480 4142 ,tinct,
502 4088 552 4144 per
572 4073 663 4142 legem
683 4071 815 4130 scribant.
845 4072 881 4128 Et
901 4071 967 4143 quia
994 4072 1029 4128 de
1051 4073 1154 4130 cartola
1176 4073 1243 4130 lalsa
1264 4073 1293 4128 in
1315 4071 1458 4129 enudare

399 4171 529 4228 Edictum
550 4169 676 4226 adfixum,
693 4175 743 4238 est,
767 4176 795 4226 et
815 4169 855 4226 sic
875 4176 1045 4246 permaneat.

479 4265 594 4343 (Vtut.)
625 4270 688 4325 aa.
720 4267 750 4323 Si
779 4267 841 4340 quis
868 4268 940 4326 liber
958 4268 1043 4324 homo
1070 4268 1097 4324 in
1120 4274 1192 4350 terra
1213 4269 1303 4325 aliena
1325 4269 1458 4326 resedens

399 4365 534 4425 livellario
562 4366 676 4422 nomine
704 4364 887 4423 homicidium
914 4367 1025 4434 lecerit,
1061 4374 1088 4424 et
1108 4367 1208 4438 'lugam
1238 4368 1331 4440 lapsus
1361 4368 1455 4430 luerit,

400 4471 466 4522 tunc
485 4464 540 4528 ille,
554 4463 584 4521 in
604 4465 682 4538 cujus
703 4471 775 4521 terra
795 4465 855 4538 ipse
882 4466 1022 4524 homicida
1050 4465 1184 4524 habitarit
1210 4467 1311 4525 habeat
1337 4465 1457 4538 spatium
